2438 3802
515 139 736 204 ..72-

120 302 304 383 ponderibus
328 301 468 363 miscebis
492 310 632 380 teresque
651 300 808 380 diligenter
832 309 861 361 et
885 301 979 362 donec
1003 319 1139 380 spumam

121 411 180 452 non
210 392 318 452 faciant
342 410 438 470 neque
463 396 613 470 crescant,
641 390 676 449 ad
701 392 799 468 ignem
822 388 936 450 lentum
959 389 1084 468 agitabis
1108 393 1138 450 in

122 499 190 541 vaso
211 499 297 541 aereo
317 480 417 560 ibique
437 479 562 540 tamdiu
584 496 649 538 esse
666 480 796 558 patieris,
811 476 906 538 donec
922 478 1139 557 refrigerentur

121 579 209 649 atque
239 572 403 648 siccentur3
432 586 506 646 quae
536 574 638 645 postea
666 567 702 626 ad
726 569 901 627 mortarium
925 567 1138 627 nitidissimum

121 659 284 720 transferes
313 665 402 736 atque
430 655 490 716 illic
513 657 623 717 iterum
647 674 682 715 ex
706 657 774 715 vino
797 663 897 716 vetere
921 657 1031 735 optimo
1056 664 1165 716 tereso

122 754 180 808 tam
201 746 261 828 diu,
280 763 436 824 quousque
457 746 620 824 siccentur3
644 743 680 804 de
700 743 808 822 quibus
828 743 979 822 pulverem
999 747 1138 805 tenuissi-

121 853 203 895 mum
239 835 350 895 factum
380 836 458 894 intra
486 833 622 913 pyxidem
652 851 768 893 aeream
797 833 907 893 condes
935 851 1030 911 eoque
1058 833 1140 894 velut

69 937 103 986 75
124 921 221 1001 stibio,
245 941 313 983 cum
337 921 476 1003 volueris,
499 923 612 981 uteris*
639 919 875 1001 Xerocollyrium
899 924 1044 1000 optimum
1069 939 1138 981 con·

122 1012 222 1071 ficitur
246 1013 302 1071 sic:
325 1010 446 1089 Lapidis
469 1009 589 1089 Phrygii
610 1041 648 1053 -
669 1009 704 1090 ll,
728 1012 809 1071 croci
828 1043 870 1053 —
889 1009 911 1090 l,
935 1010 1004 1070 salis
1028 1028 1137 1070 ammo-

122 1101 200 1160 niaci
219 1092 258 1186 9·
278 1098 313 1179 ll,
337 1098 399 1159 folii
418 1092 457 1185 9·
477 1098 512 1178 ll,
532 1100 609 1159 aeris
630 1100 689 1158 usti
709 1091 748 1184 >2
767 1097 830 1178 llll,
848 1101 961 1177 piperis
980 1097 1039 1158 albi
1058 1091 1097 1184 β·
1115 1097 1138 1180 l,
1153 1116 1179 1156 to

123 1191 219 1249 omnia
244 1206 379 1249 seorsum
403 1189 568 1249 diutissime
592 1195 623 1248 et
646 1185 872 1266 diligentissime
894 1195 988 1268 teres,
1016 1195 1050 1247 ut
1072 1186 1137 1265 pul·

122 1296 222 1338 rerem
253 1278 460 1338 tenuissimum
488 1277 591 1356 facias,
620 1293 709 1354 quem
734 1277 914 1353 permixtum
939 1275 1083 1336 recondes
1107 1277 1138 1335 in

122 1365 230 1427 doliolo
254 1368 358 1447 vitreo,
382 1375 411 1426 et
434 1383 502 1426 cum
521 1364 650 1426 volueris
669 1363 791 1443 pulvere
815 1365 880 1443 ipso
900 1372 989 1443 prout
1009 1363 1138 1425 volueris

70 1467 102 1518 76
122 1457 225 1516 uteris
272 1453 508 1534 llerocollyrium
541 1455 685 1533 optimum
719 1460 748 1514 et
776 1451 811 1513 ad
839 1455 923 1513 initia
950 1452 1138 1532 lippitudinis

118 1543 280 1623 probatum
303 1551 420 1604 constat
444 1561 479 1602 ex
504 1542 563 1602 his:
592 1541 680 1602 Croci
703 1535 806 1629 211,
835 1534 1078 1627 sarcocollaey·
1103 1541 1138 1624 ll,
1154 1559 1180 1601 15

123 1632 202 1692 aloes
227 1623 486 1716 111111111039-1,
509 1629 607 1707 glauci
626 1622 665 1714 ,2
685 1629 707 1690 l.
744 1629 836 1690 Teres
859 1630 932 1690 haec
957 1633 1053 1690 omnia
1074 1629 1138 1690 dili·

123 1729 227 1800 genter
247 1728 277 1780 et
294 1717 447 1798 pulverem
466 1719 675 1778 tenuissimum
695 1719 726 1778 iu
745 1718 850 1797 pyxide
871 1737 978 1798 cyprea
993 1719 1140 1779 recondes

123 1817 152 1869 et
171 1827 239 1868 cum
259 1825 334 1886 opus
354 1807 452 1886 fuerit,
473 1813 503 1866 et
521 1808 600 1867 intra
617 1805 719 1867 oculos
737 1814 766 1867 et
781 1806 817 1866 ad
833 1807 1060 1886 superlinendos
1075 1815 1139 1868 ute·

71 1909 104 1959 77
124 1899 174 1957 ris.
199 1895 302 1975 Capilli
322 1895 482 1956 muliebres
503 1914 593 1974 snper
612 1903 718 1956 testam
739 1894 878 1956 conbusti
897 1903 926 1956 et
947 1914 1014 1956 cum
1034 1914 1139 1974 spuma

123 1987 238 2065 argenti
262 1987 384 2046 contriti
407 1992 496 2065 atque
521 1985 555 2044 ad
580 2003 725 2045 summam
749 1983 896 2045 levitatem
922 1985 1035 2044 redacti
1054 2003 1139 2045 xero·
1154 2002 1180 2043 ao

122 2074 300 2155 plrthalmias
322 2082 351 2135 et
365 2077 534 2154 prurigines
549 2073 703 2134 oculorum
719 2073 880 2134 efficaciter
896 2082 1010 2153 sanant,
1030 2075 1055 2133 si
1069 2074 1140 2135 iude

70 2175 103 2224 78
122 2166 313 2242 inungantur.
351 2163 394 2222 dd
414 2163 568 2241 caliginem
586 2161 760 2222 abolendam
774 2162 811 2221 de
826 2164 1028 2241 experimento
1044 2165 1139 2223 uteris

122 2252 179 2312 hoc
198 2251 344 2312 remedio:
365 2250 462 2310 Salem
482 2252 697 2310 ammoniacum
715 2258 853 2310 exustum
868 2259 931 2310 tere
946 2258 976 2311 et
990 2254 1139 2328 permisce

123 2358 192 2400 cum
215 2339 286 2399 lotio
310 2341 396 2417 pueri
419 2341 542 2398 investis
566 2346 654 2416 atque
675 2337 744 2398 inde
764 2338 886 2399 adsidue
906 2339 1008 2400 oculos
1028 2342 1139 2419 inunge

71 2439 104 2489 ‘tt
125 2427 170 2487 vel
189 2425 349 2506 superline.
386 2425 556 2486 Naturalem
575 2444 680 2487 sucum
695 2428 875 2505 argimoniae
891 2435 921 2488 et
935 2446 1040 2489 sucum
1057 2429 1138 2489 mile·
1154 2445 1180 2487 ro

122 2514 185 2576 folii
209 2522 239 2575 et
262 2532 368 2574 sucum
387 2514 584 2595 arnoglossae,
608 2514 638 2574 id
658 2523 704 2575 est
722 2514 908 2596 plantaginis,
933 2516 1053 2595 colliges
1073 2517 1138 2577 dili·

123 2611 227 2682 genter
260 2620 293 2662 ac
326 2603 419 2663 nitide
448 2602 563 2682 aequali
590 2621 729 2664 mensura
759 2612 788 2664 et
816 2604 853 2664 de
885 2623 956 2665 suco
987 2605 1139 2688 marrubii,

123 2699 221 2771 rutae,
252 2690 387 2772 serpulli,
416 2691 543 2753 euforbii
567 2693 716 2771 exprimes
743 2710 798 2772 per
825 2692 949 2754 linteum
979 2693 1139 2755 delicatum

123 2789 153 2841 et
172 2779 349 2841 admiscebis
369 2772 408 2866 19·
428 2780 515 2841 binos
534 2781 639 2860 hisque
659 2780 769 2842 adicies
792 2781 889 2842 mellis
908 2784 1011 2860 optimi
1031 2783 1138 2861 despu-

122 2871 194 2930 mati
217 2869 323 2930 libram
345 2889 433 2931 unam
453 2879 541 2949 atque
561 2872 659 2931 omnia
678 2869 765 2932 simul
785 2869 836 2931 diu
855 2879 1006 2952 conteres,
1030 2869 1138 2932 deinde
1153 2889 1181 2929 eo

121 2961 231 3020 iterum
259 2957 370 3020 colabis
398 2962 482 3021 tenui
509 2960 600 3021 linteo
625 2968 654 3020 et
677 2960 823 3021 recondes
845 2962 876 3020 in
900 2959 1019 3020 vasculo
1043 2961 1138 3020 vitreo

122 3056 210 3127 atque
236 3050 342 3129 uteris,
366 3068 434 3110 cum
458 3067 533 3127 opus
557 3049 660 3128 fuerit,
684 3049 718 3109 ad
743 3048 957 3109 suffundendos
981 3056 1011 3108 et
1035 3066 1139 3126 super·

122 3135 258 3197 linendos
286 3136 388 3197 oculos
417 3137 541 3215 caligine
570 3135 750 3214 laborantes,
783 3135 892 3215 quibus
921 3137 977 3196 hoc
1006 3137 1139 3197 remedio

68 3227 181 3285 accito
211 3227 304 3285 aciem
333 3227 533 3285 acutissimam
564 3223 679 3283 reddes.
724 3222 834 3284 Malvae
863 3243 953 3285 sucus
978 3243 1139 3305 expressus

193 3358 313 3413 alento.
383 3355 560 3411 imortcrio.
626 3357 772 3426 tpyxide.
838 3358 958 3429 9frigii.
1024 3366 1057 3414 14
1076 3361 1136 3416 ube·

120 3429 159 3482 ria
178 3444 228 3483 om.
320 3433 353 3481 15
372 3426 493 3508 constet]
510 3427 618 3508 contra.
712 3433 744 3482 16
764 3428 917 3500 epititidos.
1004 3437 1038 3486 20
1057 3447 1137 3487 xero-

121 3497 283 3567 pthalmian.
358 3503 390 3551 21
410 3513 575 3568 prongxnes.
