2438 3802
514 160 666 224 -292
717 195 753 204 -

522 339 601 402 CAP.
624 338 752 401 XXVIII.

128 454 319 512 Lambriois
339 456 374 509 et
390 452 489 509 alneis
504 455 539 508 ea
552 451 734 507 interaneis
749 449 861 506 causis
874 449 910 506 id
924 452 976 505 est
990 451 1153 506 tenesmo

129 547 164 600 et
186 545 231 600 ad
253 557 353 600 rosus
374 541 503 597 ventris
530 543 566 595 et
593 539 742 595 strofum
764 539 821 594 vel
842 538 1009 595 intestinis
1032 540 1153 610 ruptis

129 646 317 703 eorumque
340 629 516 686 doloribus
538 628 688 684 remedia
709 627 852 699 physica
875 630 909 683 et
931 627 1154 686 rationabilia

401 717 535 773 diversa
558 718 601 773 de
625 715 877 787 experimentis.

96 873 110 919 1
219 854 329 915 Verum
358 852 525 913 remedium
552 851 588 913 ad
616 854 712 913 tineas
743 853 892 913 necandas
923 860 954 913 et
981 853 1153 916 eiciendas:

129 942 188 1004 Per
211 943 345 1003 triduum
372 942 469 1002 alcum
497 960 586 1021 quam
613 940 776 1020 plurimum
804 941 871 1002 edat
895 943 948 1020 qui
972 941 1028 1002 hac
1055 943 1152 1004 mole·

131 1033 187 1092 stia
214 1030 359 1092 laborabit
387 1038 417 1091 et
441 1029 581 1091 hetaccos
604 1036 704 1091 coctos
728 1037 758 1090 et
780 1048 900 1091 cascum
921 1029 1041 1091 mollem
1066 1050 1153 1093 man-

131 1120 233 1200 ducet3
256 1128 325 1200 post
346 1119 404 1180 hoc
426 1126 526 1180 autem
544 1118 640 1179 felicis
658 1117 865 1179 Macedonicae
885 1118 983 1179 aridae
1003 1127 1153 1182 contusae

132 1208 278 1270 cribratac
303 1208 329 1269 II
347 1207 412 1269 VIII
435 1226 504 1269 cum
523 1207 619 1289 melle,
642 1213 787 1286 quantum
805 1209 870 1285 ipse
889 1207 1024 1287 voluerit,
1049 1217 1180 1270 sumata

133 1305 251 1378 etpost
271 1297 360 1359 horas
380 1304 522 1378 quattuor
541 1297 650 1357 dentur
670 1297 699 1356 ci
716 1295 796 1356 aloes
815 1307 845 1357 et
864 1298 1030 1357 scamoniae
1045 1298 1152 1377 singu-

132 1385 229 1448 lorum
254 1386 280 1446 ii
303 1389 443 1447 semisses
466 1405 503 1446 ex
523 1403 616 1464 aquae
634 1384 748 1446 mulsae
768 1383 881 1464 cyathis
900 1392 1055 1466 quattuor3
1081 1405 1154 1447 oum

51 1514 53 1519 -
133 1494 204 1535 vero
233 1477 367 1554 coeperit
394 1475 570 1555 desurgcre,
598 1491 674 1553 aqua
697 1472 791 1534 calida
815 1475 843 1533 ei
866 1481 1066 1555 supponatur,
1092 1493 1154 1554 qua

133 1571 238 1643 postca
261 1563 321 1624 elui
346 1571 377 1624 et
400 1562 494 1622 foveri
515 1561 613 1622 debet.

99 1667 115 1715 2
223 1651 267 1711 hd
294 1650 457 1712 lumbricos
484 1649 676 1728 depellendos
704 1651 776 1710 satis
804 1650 957 1710 commode
980 1651 1052 1710 iacit
1077 1651 1153 1712 San·
1168 1669 1193 1709 ιο

133 1743 231 1802 tonica
253 1739 359 1821 herba,
383 1757 458 1817 quae
482 1738 664 1799 absinthium
687 1739 806 1819 dicitur,
832 1740 859 1798 si
881 1738 928 1799 vel
950 1739 1055 1799 viridis
1081 1759 1153 1801 cum

134 1848 209 1908 aqua
233 1829 269 1889 ad
290 1831 394 1889 tertias
413 1835 497 1889 cocta
515 1835 636 1906 potetur
654 1827 700 1887 vel
719 1829 798 1888 sicca
817 1829 886 1888 trita
905 1845 942 1887 er
961 1827 1047 1888 melle
1067 1847 1153 1890 man-

135 1917 275 1999 ducetur3
298 1936 409 1978 cornus
429 1935 547 1997 quoque
567 1917 680 1977 cervIni
697 1915 792 1976 limati
809 1915 878 1975 lima
896 1915 1019 1994 lignaria
1038 1917 1153 1998 scobis,

136 2013 280 2085 quantum
304 2005 357 2067 IIII
380 2005 427 2066 vel
445 2005 469 2063 V
488 2005 625 2067 cocliaria
648 2007 717 2084 sint,
740 2023 775 2064 ex
799 2022 883 2083 aqua,
906 2006 938 2064 in
961 2023 1019 2083 qua
1042 2004 1152 2067 decoc-

135 2103 184 2156 tus
208 2095 300 2156 suerit
322 2097 386 2174 ipse
410 2094 518 2176 scobis,
541 2103 629 2174 potus
653 2093 689 2154 ad
712 2093 834 2172 cyathos
857 2092 898 2152 III
920 2093 1045 2153 mirifice
1064 2093 1192 2176 facii31⁵

135 2185 201 2262 rapi
223 2187 312 2244 etiam
336 2186 457 2244 seminis
481 2183 604 2262 cyathus
628 2201 664 2242 ex
688 2183 769 2260 passi
791 2182 905 2261 cyathis
931 2181 1028 2242 tribus
1050 2183 1153 2260 pridie

135 2279 312 2351 maceratus,
335 2271 442 2332 deinde
465 2274 555 2332 tritus
579 2279 609 2331 ct
631 2270 718 2330 datus
741 2288 817 2349 aqua
841 2271 946 2349 exigua
969 2269 1085 2330 adiecta
1106 2273 1153 2332 in·

136 2360 253 2419 finitum
276 2359 420 2419 medetur.

99 2460 115 2506 a
224 2445 386 2505 Tenesmos
410 2453 456 2505 est
474 2447 606 2505 inritatio
625 2445 746 2506 ultimae
765 2449 859 2525 partis
878 2447 985 2507 directi
1003 2448 1152 2531 intestini,

135 2535 166 2592 in
190 2551 249 2611 quo
272 2534 344 2592 vitio
369 2534 487 2611 saepius
510 2532 583 2593 libet
606 2532 767 2612 desurgere
792 2536 856 2595 sine
880 2554 976 2597 causa.
995 2534 1153 2598 Proderit
1167 2555 1193 2595 so

136 2638 206 2699 ergo
235 2620 272 2680 ad
299 2620 357 2680 hoc
384 2622 488 2681 vitium
521 2620 742 2702 depellendum,
774 2626 913 2701 quotiens
945 2624 1153 2686 desurrexerit

136 2710 217 2790 quis,
245 2717 279 2770 ut
306 2710 374 2770 vino
402 2717 521 2771 austero
549 2711 640 2771 mixto
669 2729 737 2772 cum
765 2730 841 2790 aqua
869 2712 962 2773 calida
987 2730 1019 2772 se
1043 2712 1151 2774 foveat.

136 2796 289 2859 Verhenae
312 2806 343 2859 et
364 2806 478 2879 myrtae
502 2807 533 2860 et
555 2799 647 2860 olivae
670 2799 793 2860 ramulis
816 2802 935 2880 iunctis,
958 2803 999 2861 ita
1021 2801 1152 2862 uiduae

135 2899 237 2966 partes
264 2895 377 2967 myrtae
405 2890 479 2969 sint,
506 2888 653 2969 simulque
681 2888 812 2950 decoctis
841 2891 886 2950 uti
911 2890 1050 2949 convenit
1072 2908 1152 2970 aqua

136 2978 325 3055 frequentius
354 2977 390 3038 ad
419 2976 631 3059 subluendum3
660 2980 732 3056 quin
760 2981 848 3039 etiam
875 2976 1048 3056 penicillum
1073 2981 1151 3040 tinc-
1166 2994 1192 3036 aa

136 3073 200 3125 tum
229 3084 264 3126 eo
291 3066 408 3145 liquore
436 3075 466 3127 et
492 3085 553 3127 non
581 3069 668 3128 nimis
697 3083 870 3144 expressum
897 3073 986 3145 atque
1015 3083 1071 3126 ano
1101 3067 1151 3128 ad·

136 3156 267 3232 positum
294 3154 429 3232 proderit
456 3154 502 3215 vel
529 3155 634 3216 eodem
661 3154 748 3214 modo
776 3153 913 3233 globulus
941 3156 1076 3215 staminis
1101 3155 1152 3216 ad·

137 3243 252 3319 positus
271 3244 363 3323 iuvat3
383 3243 495 3303 diutius
514 3245 594 3304 enim
608 3261 747 3322 vaporem
762 3244 902 3304 continet.
933 3242 1151 3322 Perungcndus

226 3377 268 3431 tii.
287 3375 430 3432 Intestino.

228 3445 415 3515 lnegandas.
499 3453 531 3502 „5
550 3447 639 3502 delur.
736 3449 896 3518 loyathos.
994 3452 1027 3502 13
1047 3449 1152 3519 scopis.

137 3519 171 3568 93
187 3516 298 3571 mistae.
372 3517 435 3573 duo.
508 3524 543 3573 25
563 3517 740 3588 penioellum.
