2438 3802
508 136 749 200 -226-

121 301 206 360 nardi
221 300 358 379 Syriacae
372 298 398 359 X
412 298 436 356 V
452 299 481 378 S,
496 301 577 360 croci
592 298 617 357 X
633 298 686 379 IS,
701 298 823 360 schoeni
837 298 862 358 X
875 299 910 378 ll,
926 302 1020 360 casiae
1037 299 1144 384 XIIII,

121 391 250 450 ciunami
269 387 354 470 XVI,
373 389 486 467 pIperis
505 387 564 447 albi
582 386 644 468 XI,
668 390 779 466 piperis
798 387 878 466 longi
899 388 958 468 XI,
979 391 1055 449 turis
1076 389 1143 471 XI,

120 479 220 556 scordi
243 477 268 538 X
287 477 336 557 Ill,
358 477 420 555 poli
443 475 468 535 X
487 475 536 556 lll,
559 493 645 536 rosae
667 476 767 536 aridae
786 475 811 536 X
830 476 879 557 Ill,
903 495 991 555 rapae
1011 481 1141 540 semInIs

120 567 214 648 XIII,
237 569 332 627 anatis
356 567 508 643 sanguinis
531 567 663 625 recentis
687 564 794 645 XIIII,
818 566 950 626 eiusdem
975 567 1052 626 aridi
1071 586 1142 628 san-

120 659 219 735 guInis
242 654 335 714 XIII.
377 652 463 713 Melle
486 654 651 714 miscentur
675 661 799 714 contusa
822 662 852 714 et
875 654 1004 715 cribrata
1028 659 1171 739 omnia,a

120 747 215 806 donec
243 743 372 803 habeant
399 743 495 820 Ipsius
523 741 619 802 mellis
646 750 892 824 temperaturam,
920 744 989 804 inde
1012 743 1141 823 plenum

121 833 254 894 cocleare
283 832 383 912 datur,
411 830 462 890 sed
492 829 528 890 ab
555 839 693 909 serpente
716 833 869 910 percussis
893 842 942 893 aut
966 836 1077 893 morsis
1102 854 1141 895 ex

120 924 198 1003 vino,
222 922 330 980 ceteris
354 938 390 980 ex
413 918 510 980 mulso
535 918 580 978 vel
603 938 678 999 aqua
702 919 767 980 dari
790 928 915 1000 oportet.

68 1029 100 1077 19
209 1008 349 1088 Malagma
374 1009 409 1068 ad
434 1026 551 1068 omnem
575 1011 722 1069 viscerum
747 1009 889 1090 dolorem,
914 1013 1076 1089 praecipue
1100 1013 1141 1073 ad

120 1100 261 1159 Iocineris
285 1101 455 1176 stricturas,
479 1097 637 1157 conficitur
660 1099 716 1158 sic:
749 1097 840 1158 Nardi
864 1098 1006 1179 Celticae,
1033 1100 1064 1159 id
1090 1109 1141 1162 est
1156 1118 1183 1158 ro

121 1188 279 1268 saliuncae,
302 1186 395 1266 XXI,
414 1188 467 1247 iris
487 1185 512 1244 X
531 1185 605 1266 VIII,
628 1185 761 1264 melilcti,
784 1188 862 1264 quod
882 1206 898 1246 a
916 1186 1003 1248 nobis
1023 1189 1142 1250 sertula

121 1277 268 1356 Campana
286 1277 406 1357 dicitur,
425 1273 553 1354 XXXV,
573 1276 675 1354 cyperi
689 1274 714 1333 X
728 1273 802 1355 VIII,
822 1278 997 1336 ammoniaci
1011 1277 1140 1356 tbymia-

121 1368 217 1444 matis,
237 1365 267 1425 id
286 1374 331 1426 est
350 1366 484 1446 storacis,
503 1363 528 1423 X
544 1362 616 1443 VIII,
636 1363 816 1424 cardamomi
831 1363 931 1445 XVII,
950 1367 1032 1427 croci
1045 1366 1139 1428 idem.

120 1454 226 1515 Omnia
250 1471 340 1532 supra
363 1453 441 1513 dicta
464 1459 609 1512 contunsa
633 1459 663 1512 et
686 1451 810 1512 criblata
833 1471 892 1513 uno
917 1454 964 1514 die
992 1462 1022 1514 et
1045 1464 1139 1516 nocte

119 1545 150 1603 in
169 1545 237 1603 vino
256 1550 356 1602 vetere
375 1547 563 1601 macerantur
582 1549 701 1619 praeter
720 1543 948 1623 ammoniacum3
973 1543 1030 1603 hoc
1055 1546 1138 1604 enim
1156 1561 1181 1602 ιε

119 1639 203 1692 aceto
227 1631 301 1691 dilui
324 1636 449 1708 oportet.
487 1627 558 1688 Post
580 1628 654 1689 haec
673 1648 759 1690 cerae
778 1629 811 1690 P.
830 1629 865 1712 ll,
889 1634 1004 1692 resinae
1029 1632 1139 1693 frictae

119 1720 149 1781 P.
169 1720 195 1800 I,
224 1719 282 1780 olei
309 1720 389 1779 rosei
416 1717 447 1779 P.
466 1717 493 1777 Il
516 1717 561 1778 vel
590 1719 659 1798 tria,
688 1726 722 1778 ut
750 1719 889 1780 sulficere
913 1723 1009 1782 visum
1034 1722 1139 1802 luerit,

120 1810 279 1890 addentur3
306 1807 464 1887 liquefiunt
492 1825 566 1885 quae
595 1806 742 1885 liquefieri
769 1807 880 1868 habent
906 1817 936 1870 et
959 1810 1138 1887 refrigerata

119 1906 208 1977 atque
232 1917 298 1958 rasa
322 1898 430 1958 ceteris
454 1897 618 1957 miscentur
639 1903 728 1975 atque
751 1915 844 1957 unum
864 1916 973 1976 corpus
992 1900 1032 1959 ita
1051 1899 1085 1959 lit
1105 1910 1138 1961 et

120 1987 346 2065 diligentissime
372 1985 556 2064 s'ubIgautur.
603 1983 666 2046 Hoc
690 1985 778 2045 etad
801 1987 1046 2063 praecordiorum
1070 1996 1136 2050 ten·
1152 2005 1180 2046 ao

120 2079 233 2137 sionem
256 2076 333 2136 bene
357 2075 427 2136 lacit
450 2074 539 2135 etad
562 2076 693 2134 vessicae
717 2073 859 2135 dolorem.

66 2180 100 2228 20
208 2164 299 2225 Attali
321 2166 400 2241 regIs
424 2164 686 2244 medicamentum,
715 2163 793 2242 quod
820 2164 894 2244 facit¹
913 2165 1074 2243 praeprue
1098 2166 1136 2226 ad

120 2256 260 2314 iocIneris
288 2254 358 2312 vitia
386 2260 416 2312 et
443 2252 479 2313 ad
507 2253 682 2330 auruginem
710 2260 740 2311 et
763 2252 798 2312 ad
823 2270 928 2330 aquam
952 2255 1136 2314 intercutem

120 2342 204 2401 etad
223 2342 351 2400 lienosos
370 2348 401 2400 et
419 2341 455 2400 ad
474 2339 717 2418 praecordiorum
736 2339 918 2400 inllationem
938 2349 968 2401 et
982 2341 1017 2402 ad
1032 2351 1135 2420 pecto-

120 2430 162 2488 ris
185 2428 317 2488 dolorem
341 2434 371 2486 ct
394 2427 429 2487 ad
455 2446 515 2507 eos,
539 2429 591 2505 qui
614 2427 743 2488 colorem
767 2427 897 2489 luridum
920 2429 1040 2510 habent,
1064 2450 1134 2492 con·
1150 2449 1177 2490 ao

119 2516 219 2576 ficitur
239 2519 295 2576 sle:
319 2514 406 2574 Croci
425 2515 451 2575 X
470 2515 505 2596 X,
528 2514 613 2575 nardi
632 2515 727 2576 Indici
746 2515 820 2597 XII,
844 2520 940 2577 casiae
960 2518 1034 2599 Xll,
1053 2538 1134 2599 myr-

120 2622 170 2664 rae
189 2603 215 2664 X
233 2603 255 2685 1,
279 2605 408 2663 cinnami
431 2602 456 2662 X
475 2604 497 2684 l,
520 2603 643 2664 schoeni
660 2603 743 2664 floris
762 2604 787 2664 X
806 2605 827 2685 l,
846 2609 922 2666 costi
936 2640 978 2649 —
994 2607 1015 2668 l.
1052 2607 1135 2670 Haec

119 2711 255 2753 seorsum
284 2691 509 2753 contunduntur
537 2701 567 2752 et
594 2691 777 2774 cribrantur,
808 2695 915 2756 deinde
944 2714 979 2757 ex
1008 2698 1134 2775 siugulis

119 2800 223 2843 eorum
247 2800 336 2862 supra
360 2781 448 2842 dictis
472 2781 603 2860 pondera
626 2791 785 2844 sumuntur
813 2792 843 2843 et
871 2786 901 2845 in
928 2803 1020 2846 unum
1044 2787 1134 2847 melle

118 2874 210 2933 mixta
224 2871 404 2950 colliguntur
419 2879 507 2951 atque
522 2873 553 2931 in
566 2871 673 2951 pyxide
688 2880 826 2952 argentea
840 2881 1041 2955 reponuntur,
1061 2876 1133 2937 inde
1149 2893 1175 2933 ao

119 2962 206 3023 datur
230 2980 298 3023 cum
322 2979 396 3040 opus
421 2969 466 3022 est
484 2960 567 3021 labae
586 2960 745 3042 Aegyptiae
764 2963 935 3040 magnitudo
955 2981 1023 3023 curn
1042 2965 1134 3025 mulsi

119 3051 232 3130 cyathis
256 3050 363 3131 tribus,
386 3052 412 3110 si
435 3052 499 3111 sine
523 3049 606 3110 febre
630 3050 741 3111 fuerint
765 3053 816 3130 qui
835 3053 983 3130 sumpturi
1003 3061 1083 3131 sunt,
1108 3055 1134 3114 si

119 3140 339 3219 febricitabunt,
358 3157 395 3199 ex
413 3157 488 3218 aqua
507 3137 602 3198 mulsa
621 3138 747 3198 dabitur.
780 3138 907 3200 Prodest
926 3142 1015 3200 etiam
1035 3140 1133 3202 calcu-

208 3299 221 3346 1
244 3292 346 3348 scoeni.
423 3289 505 3359 dab]
525 3290 569 3344 ad.
631 3296 664 3344 12
681 3290 868 3347 thimiamitis.
935 3298 967 3348 13
983 3293 1132 3350 storachis.

120 3368 152 3417 1⁷
173 3364 276 3418 suffice.
388 3367 420 3416 18
440 3359 556 3432 habent]
577 3360 680 3416 debent
700 3360 859 3420 Oornara‘us.
965 3371 999 3420 26
1018 3364 1130 3421 mitrae.

117 3441 152 3557 {y
167 3435 278 3572 pppippei.
388 3439 422 3487 29
446 3435 593 3486 sumuntur
615 3431 645 3485 in
667 3449 753 3486 unum
776 3436 806 3488 et
828 3435 857 3488 in
885 3453 971 3490 unum
993 3438 1131 3507 (repetit).
