2438 3802
617 147 835 212 ..35-

219 311 379 372 efficaciter
407 311 512 390 capitis
540 309 682 370 dolorem.
724 309 811 370 Porri
838 313 943 370 sectivi
967 328 1071 370 sucum
1095 310 1214 372 cocliari

219 401 275 461 dua
298 408 329 460 et
353 418 445 460 unum
469 398 565 459 mellis
584 401 730 476 permixta
749 400 829 459 ituro
849 398 1011 459 dormitum
1030 398 1076 458 vel
1094 401 1125 458 in
1144 419 1215 461 nare

218 489 264 550 vel
286 491 317 549 in
341 487 504 549 auriculam
528 487 662 566 tepidum
685 487 818 569 infunde,
842 489 942 547 statim
964 487 1107 565 proderit.
1144 487 1216 548 Poll·

217 596 285 638 nem
308 576 435 655 siliginis
459 576 588 636 admixto
607 579 654 636 ovi
674 575 739 636 albo
759 584 788 636 et
808 578 960 654 quippiam
980 575 1049 635 salis
1068 576 1213 637 confricat

189 684 202 723 c
217 676 246 727 et
258 667 350 727 fronti
363 665 481 725 inlinito
497 672 527 725 et
541 665 632 725 fascia
647 664 836 745 superligato,
851 664 985 724 mirabile
1001 672 1054 725 est.
1073 664 1215 725 Αιιεῑὴιιιι

216 758 256 816 ita
284 763 318 816 nt
340 754 377 815 de
404 753 492 813 horto
521 753 678 814 collectum
707 753 812 833 fuerit,
841 752 1019 832 decoquitur
1047 771 1083 813 ex
1112 753 1216 814 oleoe

218 862 309 904 sucus
322 845 397 904 eius
420 843 511 921 capiti
534 841 710 902 infunditur.
748 841 780 901 Si
799 841 835 902 de
856 844 961 921 capitis
980 842 1081 902 dolore
1101 841 1214 903 difficili

218 948 341 992 somnus
363 933 411 1012 sit,
434 930 618 1010 amygdalino
638 929 702 990 oleo
722 937 812 1010 caput
830 932 958 1010 perungi
976 938 1103 1010 oportet.
1142 931 1174 992 Si
1194 932 1212 992 d

218 1019 280 1080 sole
303 1028 392 1098 capnt
415 1019 525 1099 doleat,
555 1021 692 1098 cupressi
715 1019 784 1079 lolia
808 1021 935 1080 contrita
958 1039 1027 1080 cum
1051 1019 1169 1099 polenta
1193 1021 1211 1081 d

175 1128 202 1168 ro
215 1108 328 1169 hordeo
353 1108 397 1169 vel
420 1107 581 1187 amygdalis
605 1115 635 1168 et
658 1126 730 1168 suco
754 1107 923 1186 portulacae
943 1109 1034 1169 fronti
1053 1108 1203 1169 inlinuntu

214 1197 366 1276 Magnetes
389 1197 478 1277 lapis,
502 1199 554 1276 qui
577 1196 755 1276 antiphyson
779 1197 903 1279 dicitur,
927 1200 978 1276 qui
1002 1198 1115 1259 serrum
1139 1197 1217 1257 trabi

216 1295 246 1347 et
267 1287 368 1366 abicit,
391 1296 422 1347 et
444 1293 596 1365 magnetes
620 1286 702 1365 lapis,
727 1288 778 1365 qui
802 1289 975 1364 sanguinem
995 1288 1104 1346 emittit
1123 1294 1153 1346 et
1172 1287 1217 1347 ier

216 1394 282 1436 rum
305 1375 341 1436 ad
366 1393 398 1436 se
422 1374 523 1450 trahit,
546 1374 621 1435 collo
645 1374 756 1453 alligati
780 1381 831 1434 ant
854 1376 932 1434 circa
956 1382 1046 1453 caput
1068 1375 1164 1435 dolori
1183 1393 1217 1435 ca

215 1465 286 1542 pitis
313 1463 481 1524 medentur.
527 1463 691 1542 Expertum
716 1471 762 1524 est
784 1462 858 1522 mihi
881 1461 1013 1540 puleium
1036 1464 1067 1523 in
1091 1463 1156 1524 oleo
1181 1482 1215 1524 co

174 1569 308 1630 1squere
332 1570 427 1631 ecque
453 1552 580 1612 irontem
605 1560 635 1613 et
660 1559 793 1630 tempora
817 1560 847 1612 et
870 1550 1028 1612 cerebrum
1051 1571 1214 1631 perunger-

215 1639 355 1701 Glebulas
373 1641 410 1701 de
428 1640 530 1701 limine
549 1639 596 1702 vel
613 1642 679 1720 ipso
698 1641 818 1701 cardine
838 1657 938 1700 erasas
958 1659 1027 1701 cum
1041 1648 1124 1702 aceto
1140 1643 1218 1701 simu

214 1730 362 1808 permisce
386 1747 481 1808 eoque
504 1728 566 1790 luto
591 1729 718 1790 frontem
741 1729 847 1809 inline,
876 1747 935 1808 quo
959 1738 1048 1808 caput
1071 1730 1219 1790 conlectio

215 1818 390 1896 gravissimo
417 1817 519 1878 dolore
548 1817 700 1879 relevabis.
751 1818 844 1878 Terra
873 1820 937 1878 viva
965 1821 995 1878 in
1024 1837 1112 1879 ovum
1140 1821 1219 1878 inan

215 1907 350 1966 coniecta
377 1913 407 1966 et
432 1905 616 1967 subiectum
640 1907 675 1967 ad
700 1913 789 1984 caput
812 1906 964 1967 conlocata
991 1911 1078 1967 unice
1097 1907 1205 1985 prodes

66 2032 70 2069 5
174 1993 278 2055 rolluo
307 1993 375 2055 lolia
398 1993 475 2054 lauri
502 1996 678 2055 circumcisa
706 1993 882 2054 rotundabis
912 1997 1069 2072 resinaque
1098 1994 1215 2054 terebin

214 2083 296 2144 thina
320 2081 481 2162 glutinabis
505 2092 535 2144 et
558 2084 694 2160 utrisque
717 2081 904 2160 temporibus
928 2081 1051 2162 adfiges,
1079 2083 1137 2142 nisi
1160 2082 1213 2142 red

214 2171 275 2233 dita
303 2175 428 2234 sanitate
456 2190 516 2232 non
545 2171 691 2232 decident.
732 2169 932 2231 Hirundinum
960 2168 1035 2247 pulli
1057 2168 1172 2249 lapillos
1195 2188 1219 2229 ιι

213 2260 388 2322 ventriculis
411 2259 521 2320 habere
545 2271 737 2340 consuerunt,
761 2277 797 2320 ex
821 2257 930 2338 quibus
952 2259 1004 2337 qui
1022 2257 1082 2319 albi
1101 2260 1219 2319 maxim.

213 2350 334 2430 fuerint,
353 2353 378 2410 si
397 2351 428 2409 in
447 2367 536 2410 manu
556 2351 644 2409 etiam
663 2348 774 2428 singuli
791 2355 950 2409 teneantur
969 2355 1019 2408 aut
1039 2349 1118 2408 circa
1137 2367 1213 2428 capu

173 2455 199 2496 rs
213 2438 274 2499 lino
297 2446 465 2517 nectantur,
488 2439 663 2498 veterrimos
687 2447 716 2499 et
739 2438 871 2498 diutinos
895 2438 1001 2517 capitis
1025 2436 1157 2498 mulcent
1175 2438 1213 2498 do

213 2526 305 2607 lores,
333 2529 392 2588 uisi
419 2533 558 2588 contactu
586 2537 683 2588 terrae
711 2526 878 2607 lapillorum
905 2528 1037 2606 potentia
1066 2529 1217 2587 minuatur

213 2615 348 2676 Cornicis
381 2615 538 2676 cerebrum
571 2625 689 2677 coctum
720 2624 750 2676 et
782 2615 848 2676 cibo
881 2623 1033 2693 sumptum
1063 2633 1167 2694 graves
1194 2634 1210 2676 e

212 2705 391 2765 inveteratos
416 2703 533 2764 dolores
556 2707 662 2784 capitis
686 2705 793 2765 ellectu
816 2704 945 2764 mirabili
963 2704 1054 2782 pellit.
1091 2703 1219 2765 Vulturi

213 2790 337 2851 cerebro
364 2791 517 2872 paululum
546 2793 628 2853 cedri
655 2795 682 2852 si
708 2795 897 2853 inmiscueris
925 2800 955 2852 et
978 2810 1066 2852 nares
1088 2793 1157 2853 inde
1180 2795 1212 2854 in

66 2880 68 2903 ²
175 2895 201 2935 ao
214 2880 362 2940 trinsecus
375 2889 523 2960 caputque
533 2881 736 2958 perfricucris,
748 2897 850 2939 omnes
861 2878 979 2938 dolores
989 2881 1088 2938 statim
1099 2883 1215 2941 minues

214 2965 260 3026 Ex
287 2985 471 3048 quacumque
502 2985 591 3028 causa
619 2966 807 3046 gravedinem
837 2967 943 3044 capitis
972 2973 1119 3044 exortam,
1149 2984 1217 3045 qua·

213 3058 453 3137 intempestivum
484 3058 615 3118 concitet
642 3071 792 3133 somnum,
821 3056 884 3114 sine
909 3052 1011 3112 dolore
1035 3052 1170 3135 discutit,
1199 3072 1213 3114 s

212 3147 280 3224 quis
312 3148 491 3226 inpetigines
523 3148 555 3206 in
582 3145 658 3205 asini
686 3141 824 3204 cruribus
852 3140 1028 3202 naturaliter
1057 3148 1141 3201 natas
1173 3141 1210 3202 de

210 3233 310 3296 trabat
332 3253 442 3314 easque
466 3235 498 3295 in
520 3232 640 3295 scobem
663 3231 815 3293 delimatas
842 3233 966 3292 inmixto
994 3237 1078 3291 aceto
1102 3229 1218 3291 naribu

284 3378 298 3424 1
318 3368 452 3425 cocliaria
464 3375 513 3425 Im
531 3367 744 3425 coclearium.
798 3374 814 3422 2
834 3368 890 3423 dua
906 3373 953 3422 lm
967 3368 1022 3422 duo
1037 3373 1092 3422 am.
1149 3373 1164 3422 6
1179 3383 1211 3423 or

209 3443 280 3497 tum.
337 3445 371 3494 10
410 3441 545 3497 orceelae.
606 3438 800 3496 montannos.
853 3443 885 3493 18
900 3439 1045 3495 relevabit.
1092 3444 1125 3493 19
1139 3437 1215 3496 lectu

210 3517 244 3566 21
268 3458 446 3582 gluttinebis.
518 3517 552 3566 22
571 3508 767 3568 herundinum.
839 3515 872 3566 29
891 3510 1053 3584 paulolum.

1047 3600 1087 3657 «δὴ
