2438 3802
508 123 661 188 -266
710 159 748 169 -

125 299 228 368 tutem,
251 287 389 348 adamans
410 285 485 365 lapis
504 287 641 366 invictus,
665 287 718 364 qui
736 303 833 365 neque
851 287 921 365 igne
940 304 1041 366 neque
1061 289 1138 349 terro

125 380 262 458 vincitur,
286 379 312 438 si
330 378 474 454 sanguine
492 375 609 435 hircino
627 374 768 453 perfusus
786 374 886 455 fuerit,
909 393 979 435 mox
997 376 1138 439 solvetur.

70 485 105 534 ee
213 467 256 527 Ad
279 467 410 526 vessicae
434 463 567 525 dolorem
595 471 626 523 et
652 464 756 524 urinae
784 463 989 524 difficultatem
1015 465 1139 527 herbam

125 556 285 637 gladiolum
307 555 465 632 diligenter
488 551 594 632 sedito,
622 561 656 612 ut
684 570 802 612 omnem
827 552 959 613 radicem
983 555 1051 616 eius
1074 554 1139 634 palo

124 648 221 725 ligneo
250 661 350 722 eruas,
378 643 465 703 cuius
493 640 601 701 radicis
629 643 771 702 corticem
800 640 958 720 diligenter
984 644 1160 704 nitidatamt

125 733 251 796 siccabis
274 733 385 809 optime
409 737 439 790 et
461 737 542 790 teres
565 737 655 809 atque
678 728 837 811 cribrabis‚
864 739 898 791 ut
925 732 957 791 in
984 731 1140 812 pulverem

124 822 332 883 tenuissimum
356 819 482 899 redigas,
505 826 594 897 atque
620 836 656 879 ex
680 838 715 880 eo
738 818 882 880 coclearia
904 821 963 880 tria
985 823 1091 895 mittes
1110 824 1140 883 in

123 910 299 970 mortarium
322 915 352 968 et
375 909 488 986 piperis
509 907 568 968 albi
586 925 677 986 grana
691 907 769 967 Vllll
787 910 857 968 trita
876 916 907 968 et
925 927 1045 988 myrrae
1066 913 1139 990 opti·

124 1016 170 1059 nte
194 999 282 1058 tritae
305 996 446 1075 pusillum
470 1005 500 1058 et
522 998 583 1056 vini
607 998 711 1076 optimi
729 994 761 1057 θ
780 996 807 1056 ll
830 1005 919 1076 atque
941 997 1015 1059 baec
1041 1002 1140 1061 omnia

123 1092 154 1148 in
182 1105 276 1148 unum
303 1085 498 1165 permiscebis
525 1095 555 1147 et
578 1093 715 1146 conteres
739 1103 773 1145 ac
796 1085 943 1146 laboranti
965 1088 997 1146 in
1021 1087 1138 1170 balneo,
1150 1105 1170 1144 ro

123 1177 153 1237 id
178 1184 224 1237 est
247 1194 315 1237 eum
338 1178 370 1236 iu
392 1177 538 1255 piscinam
561 1173 761 1254 descenderit,
790 1173 874 1234 dabis
903 1173 1066 1237 bibendam
1089 1197 1140 1257 po·

123 1269 235 1327 tionem
259 1274 288 1325 et
307 1264 450 1346 monebis,
473 1273 508 1325 ut
526 1282 558 1324 se
577 1272 645 1342 post
663 1262 801 1324 balneum
820 1263 999 1324 calidissime
1018 1273 1137 1328 tractet.

122 1354 186 1416 Hoc
214 1355 409 1415 medicamine
433 1372 487 1413 seu
510 1355 555 1412 vir
578 1370 632 1412 seu
655 1350 761 1412 mulier
785 1370 839 1412 seu
862 1370 938 1431 puer
961 1371 1016 1415 seu
1040 1355 1140 1434 puella

122 1445 327 1523 potentissime
351 1441 511 1503 sanabitur.

68 1546 103 1596 97
212 1531 347 1592 Cocleam
375 1529 517 1608 grandem
544 1547 634 1590 unam
661 1531 755 1589 vivam
778 1529 908 1608 prendas
931 1537 961 1590 et
985 1532 1052 1592 eius
1077 1547 1172 1594 car-rs

124 1640 191 1681 nem
224 1622 335 1680 eximes
368 1637 401 1679 ac
432 1618 525 1679 solam
552 1625 632 1677 teres
665 1620 696 1678 in
729 1620 870 1678 mortario
902 1626 932 1678 et
960 1638 1030 1679 cum
1062 1624 1139 1684 aceti

123 1711 201 1771 aeris
220 1706 398 1772 cocliaribus
421 1707 519 1768 tribus
542 1705 625 1766 dabis
648 1705 807 1767 bibendam
826 1716 915 1786 atque
934 1706 992 1768 hoc
1010 1727 1067 1787 per
1086 1713 1138 1771 tri·

123 1801 215 1859 duum
233 1799 338 1878 tacies3
355 1796 462 1857 deinde
479 1797 649 1856 intermisso
668 1795 777 1876 triduo,
796 1797 854 1856 nisi
873 1798 972 1856 statim
987 1799 1139 1876 expulerit

122 1886 282 1967 calculum,
315 1885 451 1946 similiter
478 1884 643 1945 remedium
676 1892 706 1945 et
733 1886 760 1944 si
786 1902 908 1945 necesse
937 1884 1041 1967 fuerit,
1076 1907 1138 1950 sae·

122 1978 189 2055 pius
208 1975 301 2036 dabis
1150 1991 1172 2031 eo

68 2078 102 2127 tte
210 2063 319 2124 Felicis
347 2063 491 2143 radicem,
519 2063 653 2141 asparagi
680 2062 839 2142 sfongiam,
866 2064 925 2141 apii
952 2063 1086 2126 radicem
1110 2074 1140 2127 et

123 2153 328 2232 petrosiIinum
348 2151 438 2212 simul
456 2151 614 2228 diligenter
632 2159 712 2211 teres
731 2159 761 2211 et
780 2153 880 2212 ieiuno
899 2151 1049 2214 calculoso
1069 2173 1139 2216 cum

67 2255 102 2304 ee
123 2245 189 2303 vino
214 2241 298 2302 dabis
322 2239 493 2301 bibendum.
525 2238 623 2299 Violae
647 2241 791 2300 erraticae
814 2242 944 2301 rusticae
967 2242 1086 2304 radices
1110 2252 1140 2305 et

122 2332 181 2408 apii
209 2337 239 2389 et
266 2327 359 2387 violae
383 2328 556 2387 coronariae
584 2345 686 2387 semen
714 2346 772 2388 una
796 2331 923 2390 contrita
947 2337 977 2390 et
1000 2351 1037 2392 ex
1062 2351 1140 2413 aqua

122 2416 216 2477 calida
243 2433 259 2475 a
286 2414 403 2474 balineo
432 2415 574 2474 continuo
606 2417 691 2492 potui
723 2415 821 2477 oblata
853 2417 972 2478 dolores
1004 2424 1139 2484 vessicae
1151 2436 1174 2478 tt

122 2506 181 2564 cito
204 2504 335 2581 abigunt.

70 2605 121 2654 100
212 2591 299 2670 Lapis
323 2609 360 2652 ex
382 2592 496 2652 vessica
519 2590 648 2652 hominis
672 2590 805 2670 qualibet
828 2597 981 2670 curatione
1001 2597 1139 2661 sublatus

122 2683 148 2741 si
170 2689 286 2741 teratur
309 2687 339 2740 et
362 2698 398 2740 ex
421 2681 483 2740 vini
506 2680 619 2759 cyathis
642 2679 740 2741 tribus
764 2682 911 2745 calculoso
934 2688 1020 2763 potui
1040 2687 1139 2770 detur,

121 2770 233 2850 lapides
257 2771 387 2830 vessicae
407 2769 553 2831 humanae
573 2772 691 2831 innatos
710 2771 872 2833 efficaciter
891 2773 1053 2837 dissolvere
1074 2796 1139 2839 cre·

70 2860 215 2922 101ditur.
253 2859 353 2921 Cimex
377 2859 572 2922 foraminibus
596 2868 782 2923 veretrorum
801 2862 983 2924 confricatus
1002 2863 1176 2928 doloremto

69 2960 120 3008 102
128 2953 257 3011 vessicae
281 2951 418 3028 protinus
442 2949 526 3012 tollit.
560 2948 678 3012 Vessiea
701 2953 767 3029 apri
790 2959 872 3011 recte
896 2951 1054 3015 adversum
1074 2973 1139 3017 ves-

122 3042 201 3101 sicae
225 3039 341 3100 dolores
365 3041 396 3099 in
421 3037 487 3100 cibo
511 3041 653 3118 sumitur,
676 3041 717 3100 ita
739 3048 773 3100 ut
799 3038 907 3100 mulier
931 3041 1068 3122 feminae,
1092 3047 1140 3106 vir

70 3129 251 3191 103masculi
274 3137 379 3189 sumat.
414 3126 606 3188 Nasturcinm
625 3129 729 3187 tritum
748 3145 817 3188 cum
835 3129 904 3188 vino
924 3129 1004 3191 dulci
1023 3130 1138 3194 cibario

122 3216 205 3277 dabis
224 3219 355 3277 vessicae
374 3215 471 3276 taedio
490 3215 637 3275 laboranti
654 3232 709 3293 per
727 3216 861 3277 triduum
877 3221 970 3300 potui,
990 3219 1043 3280 sed
1063 3224 1138 3283 satis

212 3417 307 3488 ligni
322 3419 483 3474 Omnotiur.
531 3424 564 3474 15
578 3419 700 3490 prindes.
751 3423 907 3494 21ospagi.
954 3428 988 3478 26
1003 3424 1136 3499 abigunt]

121 3489 234 3543 abeunt.
306 3495 341 3542 33
361 3493 537 3544 summamat.
610 3491 786 3548 nastortium.
