2438 3802
499 131 719 194 ..41-

101 293 184 354 bitur
208 293 236 352 ei
258 309 344 352 rosae
368 298 398 351 et
421 293 498 351 aceli
521 291 600 370 quod
624 293 695 352 satis
720 294 771 373 sit3
797 291 853 352 hoc
877 294 956 354 enim
979 293 1115 354 mirabile

102 381 359 443 medicamentum.
400 378 522 440 Cerebri
546 379 672 461 dolores,
695 399 731 441 ex
755 381 864 459 quibus
888 384 976 442 etiam
1000 382 1150 444 subitae2

102 471 264 549 vertigines
282 471 429 547 oriuntur,
448 468 599 548 discuties,
618 471 644 529 si
662 468 759 549 planta
775 469 873 529 ulmea
887 479 976 548 caput
991 473 1116 531 circum·

102 559 239 638 ligaveris
268 564 357 635 atque
384 559 425 617 ite
454 565 614 618 coronatus
638 559 738 618 triduo
762 557 933 620 dormieris:
961 566 1117 637 expertum

76 656 158 708 aest.
196 645 320 707 Veteres
343 644 461 706 dolores
484 647 589 724 capitis
613 654 643 706 et
665 649 827 725 vertigines
851 649 911 708 cito
937 647 1117 728 emendabis
1136 661 1151 709 3

103 739 131 797 si
152 735 238 796 betae
262 737 365 813 nigrae
388 753 460 795 suco
483 741 618 813 tempora
641 735 784 816 perlinas3
813 736 891 796 idem
919 744 1051 815 praestat
1073 738 1116 796 in·

103 824 160 886 tibi
184 842 282 902 sucus,
306 825 331 883 si
350 841 419 882 cum
438 841 560 884 rosaceo
584 823 649 883 oleo
672 832 703 883 et
725 832 809 884 aceto
829 827 939 885 mixtus
961 827 1051 904 capiti
1073 827 1117 886 iu·

106 913 224 973 linatur.
263 911 307 971 Ad
335 913 512 990 vertiginem
540 911 714 972 abolendam
742 913 982 974 efficacissimum
1004 922 1063 996 est,
1091 916 1153 974 si4

107 1000 281 1061 abrotonum
314 1001 418 1060 tritum
450 1002 481 1060 in
509 1003 570 1061 vini
602 1003 722 1080 potione
756 1001 888 1080 tepidum
921 1002 1041 1064 bibatur
1073 1003 1118 1063 vel

64 1109 92 1149 1o
105 1107 175 1150 cum
199 1087 324 1168 oxymeli
347 1106 406 1149 non
426 1090 487 1149 acri
506 1091 678 1168 accipiatur.
718 1089 833 1161 Quibus
856 1093 1019 1169 vertigines
1042 1092 1153 1152 fiunto

104 1186 155 1239 aut
170 1176 279 1257 quibus
292 1194 378 1237 mens
392 1177 616 1256 perturbatione
632 1180 736 1258 capitis
753 1179 907 1258 alienatur,
927 1178 1043 1240 cocleae
1059 1183 1117 1240 sin-

106 1266 191 1345 gulae
214 1267 361 1326 contritae
384 1267 512 1326 maiores
535 1284 604 1327 cum
623 1268 685 1327 suis
704 1269 789 1328 testis
808 1285 844 1327 ex
862 1268 956 1329 calida
974 1270 1056 1347 passi
1076 1267 1120 1328 vel

106 1356 217 1416 defruti
240 1356 359 1433 potione
382 1353 467 1415 datae
491 1354 597 1416 diebus
615 1354 753 1434 plurimis
772 1364 907 1437 prosunt,
930 1359 956 1416 si
979 1366 1046 1436 post
1065 1359 1117 1417 tri-

104 1445 197 1505 duum
216 1444 391 1503 continuum
409 1445 619 1522 interpositum
639 1446 748 1504 iterum
767 1444 904 1523 plurimis
923 1445 1029 1506 diebus
1043 1449 1118 1506 aoei-

63 1535 233 1613 sepiantur.
269 1529 328 1601 Qui
341 1549 431 1592 unam
445 1532 575 1593 cocleam
589 1534 731 1594 maiorem
748 1535 936 1594 semicoctam
956 1536 1120 1595 comederit
1139 1548 1155 1596 6

105 1622 153 1682 die
176 1623 282 1701 primo,
304 1623 444 1699 sequenti
467 1621 553 1699 duas,
576 1624 666 1683 tertio
690 1630 761 1703 tres,
784 1633 890 1701 quarto
911 1623 993 1704 duas,
1012 1627 1116 1702 quinto

106 1727 205 1790 unam,
229 1709 395 1769 remedium
413 1712 584 1790 experietur
609 1729 669 1772 non
689 1710 784 1772 solum
799 1712 840 1775 ad
859 1713 1044 1794 vertiginem,
1067 1712 1118 1771 sed

104 1801 194 1859 etiem
218 1797 254 1858 ad
278 1799 407 1876 suspirie
430 1807 460 1859 et
483 1801 609 1861 vomitus
632 1800 764 1878 prodest.
806 1800 989 1878 Vertiginem
1013 1803 1153 1880 eapitis?

106 1885 204 1947 abolet
232 1887 398 1948 vettonicae
430 1886 590 1948 fasciculus
617 1906 686 1949 oum
718 1906 794 1966 aqua
826 1889 919 1950 nitida
952 1889 988 1948 ad
1016 1892 1119 1950 tertias

65 1994 94 2034 ao
108 1983 249 2036 excoctus
273 1983 323 2036 eut
346 1977 406 2054 apii
428 1976 531 2036 viridis
555 1975 715 2036 fasciculus
738 1994 806 2037 cum
828 1987 895 2038 ture
915 1976 1052 2037 similiter
1070 1978 1119 2058 de·

106 2071 210 2125 coctus
234 2073 264 2125 et
286 2082 323 2124 ex
341 2063 436 2125 mulsa
456 2064 648 2143 aquatepida
668 2071 796 2142 potatus.
829 2064 1004 2143 Hyoscyami
1022 2083 1118 2125 ramu·
1138 2077 1154 2126 8

106 2152 223 2214 sculum
250 2154 281 2213 in
309 2170 403 2231 aquae
431 2154 568 2213 sextariis
598 2152 695 2213 tribus
724 2170 819 2230 usque
848 2152 884 2212 ad
907 2153 1011 2212 tertias
1035 2152 1119 2213 deco·

106 2259 181 2321 ques
209 2249 239 2301 et
267 2239 351 2302 dabis
379 2259 434 2320 per
458 2241 592 2302 triduum
614 2244 700 2321 potui
724 2243 891 2321 quartarios
914 2241 1047 2320 singulos
1071 2253 1122 2303 aut

107 2332 195 2391 etiam
218 2332 317 2390 minus
336 2348 390 2408 pro
411 2329 584 2392 habitudine
603 2330 649 2391 vel
667 2339 763 2392 aetate
782 2330 828 2391 vel
847 2348 929 2392 sexu.
964 2330 1120 2392 Trifolium
1138 2345 1154 2393 9

65 2433 93 2474 eo
106 2418 239 2500 herbam,
258 2436 334 2498 quae
350 2417 459 2479 Gallice
478 2419 588 2481 dieitur
607 2422 784 2501 visumarus,
807 2439 883 2500 aqua
903 2420 1008 2499 frigida
1026 2439 1121 2482 macc·

106 2515 171 2568 rato
195 2515 225 2567 et
248 2525 312 2567 eam
336 2525 442 2586 aquam
466 2508 571 2570 diebus
595 2509 699 2570 decem
722 2509 830 2592 bibito,
858 2510 910 2570 sed
940 2517 973 2570 ut
998 2509 1120 2570 herbam

107 2596 215 2656 cotidie
238 2604 345 2658 mutes.
381 2595 456 2676 Misy
478 2596 553 2658 libra
577 2617 635 2658 una
660 2617 727 2660 oum
751 2607 836 2660 aceto
859 2601 921 2660 acri
944 2602 1072 2660 contrita
1091 2607 1121 2659 et
1142 2609 1174 2658 10

108 2684 200 2745 ironti
222 2682 305 2744 inlita
329 2684 506 2746 mirabiliter
529 2690 705 2766 vertiginem
728 2688 820 2749 sedat.

104 2919 264 2988 Pityriasi
287 2923 322 2976 ct
344 2918 504 2989 porrigini
527 2826 750 2986 gdlprtltlrlilgini
768 2923 873 2990 atque
891 2921 1067 2976 ulceribus
1086 2924 1121 2976 et

309 3008 472 3065 lendibus
495 3005 756 3076 capedunculis
780 3007 907 3075 eapitis.

195 3126 353 3205 Pityriesin
381 3133 411 3186 et
439 3126 607 3204 porrigines
634 3126 753 3205 capitis,
782 3143 857 3203 quae
887 3123 1064 3203 plerumque
1089 3127 1153 3186 int

65 3248 92 3288 ω
106 3217 271 3294 perniciem
295 3233 327 3275 se
351 3221 538 3295 convertunt,
562 3215 620 3274 nisi
643 3223 828 3294 occurratur,
853 3215 981 3292 perungi
1004 3221 1122 3293 oportet

181 3355 286 3404 isueo.
341 3348 453 3404 mixtos.
510 3354 543 3402 10
558 3347 698 3418 oxymelli.
760 3355 792 3403 12
807 3365 867 3404 con.
925 3352 957 3402 13
972 3348 1049 3420 post]
1063 3364 1121 3418 per.

108 3425 143 3475 14
161 3421 264 3476 iterum
283 3419 457 3490 interpositis
477 3420 616 3490 (plurimis
634 3422 697 3490 om.)
717 3421 824 3476 diebus.
897 3425 931 3474 22
951 3420 1122 3491 dequoquea.

108 3496 143 3546 28
163 3491 256 3563 dabis]
275 3492 307 3546 io
324 3492 501 3547 beocardum
519 3492 620 3548 decinit
638 3494 721 3549 codex
738 3509 825 3566 oeque
843 3493 882 3550 ad
896 3490 967 3562 llll,
982 3498 1013 3548 t.
