2438 3802
509 167 545 176 -
595 131 746 195 290—

68 307 120 356 130
211 292 381 373 Serpullum
404 293 440 354 ad
463 292 580 371 pondus
604 294 751 353 victoriati
774 295 907 372 argentei
930 294 1038 353 tritum
1061 293 1142 355 benc

122 382 230 443 valenti
254 402 290 443 ex
313 385 395 463 vino,
420 380 616 442 febriculento
641 400 677 442 ex
700 400 775 460 aqua
797 383 882 461 potui
905 381 1007 442 datum
1031 400 1142 444 omnes

122 474 234 533 ventris
258 466 376 532 dolores
402 468 494 530 sedat.

68 577 118 627 131
209 559 378 621 Humanum
397 557 501 617 lotium
521 565 606 618 vetus
625 559 739 619 adiecto
759 559 840 619 croci
858 558 984 638 modico,
1007 567 1045 620 ut
1065 559 1142 621 odor

121 651 186 710 eius
214 647 395 726 occultetur,
422 647 571 724 ignoranti
598 648 683 724 potui
706 647 808 707 datum
831 646 994 726 quamlibet
1016 656 1168 714 veteress

120 740 152 797 in
179 734 344 795 visceribus
372 734 498 794 latentes
526 733 648 795 morbos
680 735 811 816 sanabit3
843 738 954 795 vomitu
982 737 1068 796 enim
1096 739 1143 798 in·

120 826 209 884 ritato
239 830 269 882 et
292 822 488 883 eiectionibns
512 825 668 884 concitatis
691 842 778 884 omne
802 825 906 885 vitium
928 822 1067 885 valenter
1090 845 1142 886 ex·

121 919 237 990 purgat.

68 1015 119 1064 132
210 999 248 1059 Ut
271 998 419 1078 explorari
441 1002 544 1080 possit,
568 1018 604 1060 ex
627 999 787 1061 latentibus
810 999 923 1061 morbis
946 1002 1000 1079 qui
1019 1003 1062 1062 sit
1080 1001 1143 1082 ille,

122 1089 173 1167 qui
196 1095 282 1148 vexat
304 1089 465 1170 infirmum,
488 1088 750 1167 conprehendique
774 1089 899 1167 qualitas
922 1091 986 1149 vitii
1012 1097 1046 1150 et
1069 1110 1142 1169 pars
1157 1114 1180 1153 ro

120 1180 269 1238 viscerum
296 1178 404 1255 possit,
433 1177 549 1239 catulus
574 1177 651 1237 fetae
674 1180 756 1237 canis
779 1177 892 1238 lactens
916 1178 964 1239 die
988 1196 1024 1238 ac
1050 1189 1142 1241 nocte

120 1284 189 1327 cum
217 1283 252 1325 eo
280 1267 332 1344 qui
358 1265 472 1326 laborat
499 1265 667 1345 accumbat3
696 1267 723 1326 is
753 1273 856 1344 postea
885 1274 986 1327 sectus
1013 1269 1142 1346 inspici·

120 1362 171 1415 tur
198 1353 418 1433 translatusque
446 1356 477 1414 in
501 1372 536 1414 eo
560 1353 681 1414 morbus
704 1353 782 1415 baud
807 1354 927 1415 difficile
949 1361 1076 1416 notatur
1099 1359 1142 1417 ita

120 1452 233 1522 tamen,
262 1450 295 1503 ut
323 1460 411 1520 aeger
439 1444 467 1502 ei
494 1442 539 1503 lac
567 1442 603 1503 de
627 1461 681 1503 suo
710 1461 762 1503 ore
786 1443 958 1522 frequenter
982 1443 1142 1526 infundat3

120 1550 187 1592 eum
216 1538 316 1593 tamen
339 1530 483 1611 catulum,
510 1549 579 1591 cum
607 1531 697 1592 luerit
721 1540 872 1614 exsectus,
900 1531 987 1593 obrui
1016 1541 1142 1612 oportet
1156 1554 1180 1595 15

119 1638 175 1680 nec
199 1619 235 1688 ab
258 1637 292 1678 re
316 1626 375 1698 est,
406 1621 431 1679 si
459 1619 560 1679 triduo
585 1619 663 1679 idem
688 1620 804 1681 catulus
826 1622 929 1681 vivens
953 1638 1023 1680 cnm
1048 1640 1142 1700 aegro

120 1716 249 1787 maneat3
277 1709 381 1768 vitium
407 1709 487 1768 enim
514 1709 596 1786 aegri
623 1711 751 1769 transire
778 1711 809 1769 in
838 1727 907 1770 eum
935 1727 1033 1787 usque
1064 1711 1143 1771 adeo

120 1805 236 1858 certum
255 1803 310 1876 est,
333 1804 367 1857 ut
386 1798 530 1857 moriatur
548 1796 664 1857 catulus
682 1797 892 1876 hominemque
911 1796 1025 1858 morbis
1045 1798 1142 1861 laten·

122 1884 203 1946 tibus
226 1885 347 1945 relevet.

69 1987 118 2036 133
208 1972 252 2032 bd
277 1973 473 2052 dysintericos
496 1972 655 2034 solitaneos
678 1973 808 2034 cocleam
830 1973 947 2053 plenam
969 1993 1040 2036 cum
1060 1984 1141 2037 testa
1157 1997 1180 2037 so

120 2080 173 2123 sua
193 2064 286 2122 vivam
306 2070 395 2143 teres,
414 2062 450 2121 ad
469 2063 555 2122 cuius
576 2063 693 2140 pondus
712 2062 789 2122 infra
808 2064 919 2141 scripta
938 2065 1008 2124 trita
1029 2065 1141 2125 misce·

120 2149 180 2231 bis,
207 2151 237 2211 id
268 2159 314 2210 est
342 2153 422 2211 casei
449 2152 558 2210 veteris
587 2159 731 2230 quantum
758 2159 804 2211 est
829 2151 945 2211 cocleae
969 2150 1141 2233 dimidium,

120 2243 167 2299 ovi
190 2238 349 2298 medullam
372 2241 404 2297 in
427 2246 511 2299 aceto
535 2249 658 2318 coctam,
681 2257 786 2318 panem
806 2239 964 2300 candidum
983 2247 1142 2302 vetustum

25 2371 30 2380 .
120 2326 167 2386 vel
189 2334 301 2386 tostum
325 2325 384 2406 vel,
408 2326 486 2403 quod
510 2335 556 2386 est
579 2327 699 2406 melius,
722 2330 889 2407 nauticum,
912 2338 1025 2409 rutam,
1050 2331 1141 2408 piper

121 2431 157 2472 ex
180 2415 262 2493 vino;
286 2412 364 2490 quod
389 2430 457 2472 cum
480 2414 565 2490 prius
587 2415 666 2474 ferro
686 2415 824 2477 candenti
843 2416 1024 2498 calefeceris,
1049 2421 1179 2496 potuim

123 2502 186 2559 sine
210 2518 285 2578 aqua
309 2499 501 2582 ministrabis
525 2501 577 2561 sed
597 2510 627 2562 et
646 2501 733 2562 bacas
753 2516 881 2582 myrteas
901 2505 1019 2565 adicies.
1057 2505 1141 2568 Haec

123 2590 221 2648 omnia
245 2594 382 2648 conteres
406 2595 436 2648 ct
458 2589 489 2648 in
513 2591 634 2667 potione
657 2593 718 2650 vini
740 2595 850 2652 veteris
872 2595 972 2654 ieiuno
996 2592 1093 2654 dabis.

70 2689 121 2739 134
210 2676 253 2736 Ad
273 2694 333 2757 eos,
358 2679 409 2756 qui
428 2679 602 2756 sanguinem
621 2697 675 2758 per
692 2682 867 2741 intestinum
886 2683 996 2741 iactant
1014 2682 1064 2742 vel
1082 2701 1141 2761 per

121 2775 296 2845 corruptum
319 2784 427 2846 corpus
450 2767 576 2828 inferius
600 2768 765 2848 effundunt,
787 2770 953 2830 remedium
977 2771 1035 2831 sic:
1061 2769 1140 2832 ller-

119 2853 174 2915 bac
198 2857 311 2916 urticae
335 2855 483 2916 masculae
507 2860 692 2919 summitates
715 2866 833 2919 teneras
857 2857 977 2935 colliges
1005 2868 1037 2919 et
1061 2877 1135 2920 con·
1152 2879 1177 2921 ao

120 2943 228 3005 tondes
257 2963 421 3024 sucumque
450 2947 515 3006 eius
544 2965 718 3027 expressum
744 2966 799 3026 per
826 2946 959 3007 triduum
983 2948 1140 3009 ministra·

119 3031 166 3092 bis
182 3032 358 3113 bibendum3
373 3036 398 3094 si
413 3045 512 3095 antem
527 3053 594 3096 cum
610 3054 685 3115 aqua
700 3034 807 3112 frigida
822 3043 873 3096 aut
887 3042 970 3095 aceto
986 3039 1140 3098 acerrimo

120 3129 171 3182 aut
193 3140 283 3201 posca
307 3122 413 3200 lrigida
438 3123 467 3182 id
491 3124 538 3183 ius
562 3126 688 3184 mixtum
711 3123 841 3202 dederis,
871 3125 1005 3202 quamvis
1029 3124 1140 3207 despe-

120 3216 200 3269 ratos
225 3210 261 3270 de
285 3228 376 3287 supra
399 3212 510 3288 scripta
532 3212 702 3272 infirmitate
726 3213 862 3289 protinus
885 3210 1036 3274 liberabis.

210 3413 334 3492 tpului.
394 3419 428 3468 16
448 3413 484 3468 ab
503 3414 545 3485 re]
565 3415 676 3470 habere.
737 3421 772 3470 20
791 3415 933 3472 solitarios.
989 3423 1023 3470 22
1044 3421 1140 3480 vabus.

114 3486 154 3534 28
170 3483 323 3538 canditum.
398 3487 433 3538 25
451 3501 485 3540 ox
503 3485 568 3540 vino
586 3501 636 3541 om.
