2438 3802
526 131 742 196 ...78-

128 295 180 371 das
209 304 238 354 et
266 295 301 354 ad
329 293 485 374 palpebras
509 313 629 372 asperas
652 296 779 375 utimur,
803 294 881 374 quod
906 297 974 374 quia
998 314 1033 355 ex
1059 305 1141 375 quat-

128 393 196 444 tuor
224 383 314 444 rebus
342 392 375 444 ut
404 383 544 462 quadriga
574 386 658 462 equis
687 391 803 443 constat
827 391 856 443 et
879 384 992 444 celeres
1016 386 1139 446 effectus

127 471 229 553 habet,
253 472 355 532 harma
379 471 502 551 dicitur3
526 474 633 550 recipit
656 472 742 532 haec:
766 473 851 532 Aeris
875 475 935 532 usti
958 471 984 531 ii
1007 472 1070 552 llll,
1094 482 1139 534 tu·

126 580 195 621 reae
215 560 330 621 arboris
350 562 471 621 corticis
490 559 514 619 ll
535 559 597 640 llll,
617 563 792 621 ammoniaci
810 569 910 639 guttae
931 560 1032 641 lillll,
1057 581 1138 640 gum-

128 652 183 710 mis
212 650 237 709 ii
261 649 327 730 llll3
356 658 495 709 teruntur
522 649 595 709 haec
624 668 658 709 ex
688 668 763 728 aqua
787 649 914 728 pluviali.
962 649 1025 710 Hoc
1050 653 1167 711 etiams

127 748 342 816 superunctum
367 737 402 798 ad
426 755 589 815 puerorum
613 737 770 816 epiphoras
793 746 823 798 et
842 740 893 816 qui
912 757 970 799 non
991 740 1140 800 sufferunt

75 829 303 887 119unctionem
327 828 437 904 optime
462 826 538 886 iacit.
578 825 738 905 Collyrium
763 826 842 905 quod
867 829 985 906 proprie
1010 828 1080 888 lacit
1103 828 1138 887 ad

127 915 341 994 aspritudinem
369 914 577 993 palpebrarum
606 924 635 976 et
659 915 865 996 callositatem,
893 924 1012 995 oportet
1040 927 1138 976 autem

126 1011 177 1064 aut
193 1002 329 1063 subicere
345 1003 498 1082 specillum
513 1003 671 1082 palpebrae
692 1012 743 1063 aut
761 1006 910 1065 invertere
930 1007 1023 1083 ipsam
1040 1005 1138 1084 palpe-

126 1091 210 1152 bram
234 1101 264 1152 et
287 1094 330 1152 sic
353 1095 510 1172 inungere,
541 1094 661 1171 recipit:
698 1091 783 1152 heris
807 1095 868 1153 usti
891 1092 1029 1173 xxliu,
1053 1109 1178 1153 aerum

126 1183 203 1260 ginis
227 1180 321 1261 llVl,
345 1183 426 1241 croci
449 1180 487 1261 ll,
507 1199 623 1260 myrrae
648 1180 716 1262 iil,
746 1183 841 1241 casiae
865 1181 948 1242 rusae
972 1181 1139 1242 fistularum

126 1272 273 1330 victoriati
296 1270 426 1351 pouduS,
455 1272 567 1350 piperis
591 1269 650 1330 albi
673 1287 762 1348 grana
786 1269 869 1350 XLV,
898 1273 1025 1350 gummis
1049 1270 1137 1330 dena·

125 1361 187 1419 rios
216 1377 329 1419 norem.
376 1358 449 1420 Cum
479 1363 544 1419 vino
569 1358 641 1419 Chio
669 1359 743 1418 haec
771 1367 911 1419 teruntur
938 1368 967 1419 et
991 1362 1033 1419 sio
1058 1359 1137 1419 colli-

74 1457 250 1526 120guntur.
288 1448 331 1508 ad
356 1446 563 1526 palpebrarum
588 1450 776 1508 veterrimam
796 1447 1012 1526 aspritudinem
1036 1455 1066 1508 et
1089 1466 1137 1507 ex-

126 1545 308 1596 crescentem
334 1553 467 1616 carnem,
491 1554 579 1614 quarn
603 1539 728 1615 sycosim
754 1535 859 1597 Graeci
882 1545 1000 1616 vocant,
1024 1539 1054 1595 in
1079 1555 1136 1614 qua
1151 1552 1177 1594 1⁶

125 1633 171 1684 est
194 1624 301 1684 callum
331 1624 537 1704 durissimum,
567 1632 612 1684 est
640 1633 739 1685 autem
767 1623 912 1703 liquidum
942 1625 1136 1684 medicamen-

126 1722 201 1791 tum,
230 1711 308 1790 quod
333 1712 399 1772 ideo
423 1711 513 1791 hygra
538 1711 716 1792 appellatur,
741 1713 818 1791 quod
844 1716 932 1774 etiam
957 1731 1076 1773 carnem
1101 1733 1134 1772 ex

123 1799 274 1878 palpebris
297 1799 373 1860 tollit
397 1802 460 1860 sine
485 1819 590 1880 magno
615 1801 729 1882 dolore,
758 1804 866 1881 recipit
888 1803 974 1863 haec:
1012 1802 1136 1881 Myrrae,

124 1890 215 1968 turis,
239 1890 333 1968 croci,
357 1890 455 1968 misni,
480 1890 661 1968 singularum
682 1892 850 1969 specierum
870 1891 1007 1951 denarios
1026 1899 1136 1971 ternos,

125 1977 291 2037 chalcitidis
316 1976 405 2038 liVl.
447 1972 526 2040 llaec
550 1987 690 2040 teruntur
713 1979 870 2059 diligenter
894 1999 929 2039 ex
954 1990 1037 2040 aceto
1061 1981 1136 2060 acri,
1151 1994 1176 2032 20

124 2065 177 2126 ubi
209 2065 283 2126 levia
314 2066 389 2126 facta
425 2076 514 2128 erunt
546 2075 576 2128 et
604 2067 756 2130 habebunt
793 2068 1015 2146 spissitudinem
1048 2069 1135 2146 passi,

125 2158 267 2216 miscetur
296 2155 343 2216 his
372 2156 466 2216 mellis
494 2159 584 2217 Attici
611 2157 641 2217 P.
666 2158 692 2235 13
726 2157 832 2217 deinde
865 2159 896 2218 in
923 2157 1028 2236 patella
1057 2157 1135 2215 aeris

126 2243 226 2322 Cyprii
250 2262 339 2323 super
364 2244 507 2305 carbones
531 2248 626 2323 posita
651 2245 830 2324 interrescit,
853 2246 948 2306 donec
972 2245 1067 2305 mellis
1085 2243 1135 2303 ha-

127 2331 194 2391 beat
217 2351 276 2392 non
300 2335 424 2392 nimium
449 2333 552 2412 liquidi
576 2334 814 2415 spissitudinem,
842 2343 930 2413 atquc
954 2337 994 2394 ita
1019 2334 1135 2413 reponi-

126 2429 176 2480 tur
200 2423 230 2481 in
254 2421 361 2501 pyxide
385 2424 461 2482 aeris
481 2421 591 2501 Cyprii.
626 2422 699 2482 Cum
723 2441 798 2503 opus
822 2434 876 2502 est,
899 2425 1058 2484 invertitur
1077 2421 1135 2501 pal·
1151 2436 1176 2476 aa

125 2509 216 2588 pebra
246 2520 275 2570 et
302 2528 356 2588 per
384 2510 538 2590 specillum
566 2511 732 2591 adponitur.
779 2511 863 2582 Quod
888 2512 1135 2572 medicamentum

126 2598 297 2659 suliricatur
330 2602 447 2660 curiose
480 2601 509 2660 in
543 2600 629 2660 oculo
657 2599 692 2660 ad
721 2599 990 2661 delacrimationem
1023 2608 1052 2659 et
1084 2598 1136 2658 ubi

125 2686 249 2746 desierit
270 2688 416 2769 mordere,
440 2706 545 2749 rursus
565 2690 672 2749 inverti
691 2688 840 2768 oportebit
858 2690 1026 2769 palpebram
1047 2697 1134 2765 atque

125 2777 165 2833 iia
193 2774 299 2852 pollice
323 2779 458 2856 inpresso
486 2777 673 2838 membranas
701 2779 838 2839 innantes
868 2781 1029 2857 adducere,
1059 2794 1134 2856 quae

121 2861 206 2922 facile
235 2864 470 2947 subsequentur,
502 2877 570 2946 post
601 2866 658 2928 hoo
691 2869 810 2927 cinereo
844 2868 965 2948 collyrio
994 2887 1030 2928 ex
1059 2882 1173 2945 aquaso

120 2953 282 3031 inungendi
306 2963 395 3016 erunt
421 2955 496 3016 oculi
522 2959 660 3016 crassius.
704 2955 766 3017 Hoc
788 2957 1035 3017 medicamentum
1060 2954 1133 3015 mril·

121 3049 219 3101 torum
244 3062 388 3104 annorum
413 3043 503 3104 callos
527 3053 557 3105 et
580 3044 780 3123 aspritudines
802 3043 1009 3123 palpebrarum
1030 3044 1133 3122 despe-

119 3138 198 3190 ratas
227 3150 242 3190 a
272 3132 448 3210 quibusdam
477 3133 600 3192 medicis
624 3133 763 3193 oculariis
788 3135 892 3211 paucis
916 3132 1022 3192 diebus
1047 3131 1132 3192 tollit.

67 3216 284 3298 121Collyriurn
304 3219 339 3279 ad
359 3220 468 3300 ulcera,
487 3221 609 3298 papulas
629 3229 659 3281 et
678 3222 849 3300 epiphoras:
868 3220 1004 3281 Cadmiae
1019 3220 1044 3279 ll
1061 3219 1132 3294 Vlll,

190 3429 206 3476 9
226 3422 372 3492 specillum
392 3423 560 3492 Stephanos:
579 3424 719 3494 spicillum
739 3425 898 3481 Oorrtcrina.
974 3431 1005 3478 19
1025 3421 1129 3491 mysios

113 3491 276 3547 Carnarius.
352 3499 386 3549 26
405 3493 546 3563 spicillum
566 3497 723 3551 Carnarius.
