2438 3802
488 149 727 215 -323-

103 311 226 372 balsami
245 320 347 390 potum
365 330 401 371 ex
416 313 484 371 vino
499 313 579 372 iuvat
593 319 740 392 ventrem,
760 312 893 374 calefacit
908 317 986 376 enim
1001 318 1114 378 viscera

103 409 134 460 et
157 407 297 460 extenuat
320 417 353 460 ac
377 398 500 460 discutit
523 398 703 480 inflationes3
727 400 849 479 prodest
872 410 902 462 et
925 402 960 463 ad
984 404 1040 465 boc
1065 423 1114 466 na-

104 490 250 549 sturcium
269 496 372 566 potum
392 505 428 547 ex
447 490 527 569 vin03
551 506 618 548 nam
638 497 667 550 et
686 488 820 550 calefacit
838 499 868 551 et
886 491 980 552 mollit
1000 495 1113 553 viscera

103 586 133 637 et
161 578 278 637 urinam
306 583 417 656 movet3
448 576 571 654 prodest
604 583 635 637 et
663 579 873 638 intestinorum
903 579 1055 641 doloribus
1084 589 1114 642 et

75 664 305 726 cinllationibus
329 671 359 724 et
382 666 545 742 suspirium
568 667 705 744 reprimit
728 675 759 726 et
781 674 869 745 rupta
893 671 1041 747 conponit.

190 752 234 814 Ad
262 761 395 814 ventrem
424 752 596 814 solvendum
620 753 741 815 herbam
765 753 955 834 polypodium
979 764 1059 817 teres
1083 765 1113 818 et
1132 770 1167 819 44

101 843 132 902 in
164 843 280 920 ptisana
312 843 412 902 ieiuno
441 840 617 902 sorbendam
646 841 743 924 dabis,
776 845 874 904 statim
903 844 1034 906 solvetur
1062 849 1114 925 qui

101 931 258 1008 acceperit.

189 1018 233 1078 Ad
252 1019 494 1096 suppressionem
512 1019 626 1078 ventris
644 1019 716 1079 nitri
735 1027 765 1080 41
783 1023 895 1081 cumini
909 1029 1025 1081 certum
1040 1021 1111 1099 quid
1130 1034 1165 1084 45

61 1126 87 1167 10
101 1124 195 1185 aequo
214 1106 346 1185 pondere
366 1125 402 1166 ex
421 1106 485 1167 oleo
505 1106 734 1185 concorporabis
753 1116 841 1187 atque
860 1108 929 1168 inde
948 1109 984 1169 ad
999 1113 1112 1188 magni-

101 1195 235 1255 tudinem
259 1194 342 1255 labae
365 1197 449 1273 grani
472 1197 593 1255 maioris
615 1197 647 1254 in
671 1213 759 1255 anum
784 1198 898 1256 inioies.

180 1282 232 1343 dd
251 1291 384 1344 ventrem
405 1282 582 1344 eliciendum
597 1282 714 1344 alumen
729 1283 764 1344 ad
779 1284 1012 1362 magnitudinem
1028 1284 1110 1345 fabae
1129 1298 1163 1346 46

100 1371 230 1432 resolves
255 1379 285 1432 et
307 1390 363 1432 ano
386 1373 501 1452 inicies,
524 1373 623 1433 statim
647 1390 765 1432 omnem
788 1372 929 1432 duritiem
951 1371 1068 1432 laxabit.

188 1460 233 1520 Ad
265 1461 378 1520 ventris
411 1462 567 1520 stricturas
600 1459 754 1521 solvendas
786 1459 941 1522 betaccum
970 1461 1109 1521 concides
1128 1472 1162 1524 47

59 1567 85 1608 15
99 1550 266 1609 minutatim
290 1566 359 1610 cum
381 1557 479 1609 terrae
502 1548 628 1629 modico,
654 1549 732 1628 quod
756 1550 784 1609 ei
807 1549 878 1609 dum
902 1547 1037 1609 avellitur
1060 1549 1109 1609 ad·

99 1636 242 1716 haeserit,
270 1645 300 1698 et
326 1639 358 1698 in
381 1636 467 1697 ollam
491 1638 600 1698 coicies
624 1644 654 1697 41
677 1636 787 1698 adicies
810 1637 980 1716 liquaminis
1004 1639 1110 1716 optimi

99 1732 129 1784 et
152 1724 210 1784 olei
233 1727 337 1803 optimi
364 1733 394 1786 et
417 1727 477 1786 vini
504 1732 647 1804 quantum
675 1727 876 1786 aestimaveris
907 1728 1109 1786 necessarium

99 1819 129 1872 41
147 1820 317 1890 coopertam
335 1812 421 1874 ollam
440 1832 530 1893 super
550 1813 693 1874 carbones
712 1832 817 1895 pones,
842 1813 921 1893 quod
940 1831 1008 1874 cum
1027 1813 1109 1874 lento

99 1901 161 1976 igni
184 1900 275 1960 luerit
296 1909 478 1981 percoctum,
501 1903 573 1962 nitri
596 1905 713 1963 unciam
737 1921 826 1963 unam
849 1902 894 1962 vel
918 1902 992 1962 duas
1013 1903 1109 1963 minu-

58 2008 85 2047 oo
98 1990 183 2048 latim
211 2006 423 2068 superspargos
450 1996 481 2050 et
506 1998 571 2050 tum
600 2008 704 2052 sucum
731 1990 814 2051 illum
843 1991 879 2051 de
909 1989 965 2050 olla
993 1990 1109 2051 velius

99 2095 166 2137 cum
191 2078 259 2137 vino
282 2076 422 2137 miscebis
445 2085 475 2138 et
497 2076 590 2138 bibes.

186 2164 223 2226 Ut
242 2174 345 2226 venter
364 2164 457 2226 facilis
475 2166 523 2246 sit,
541 2167 614 2226 nitri
630 2165 785 2246 perlucidi,
805 2167 994 2247 statisagriae,
1010 2165 1105 2246 betae,
1124 2178 1159 2228 48

96 2253 191 2314 mellis
216 2255 293 2315 cocti
316 2253 477 2335 modicum,
505 2253 579 2315 haec
603 2254 798 2333 permiscebis
821 2263 909 2334 atque
932 2257 963 2315 in
986 2255 1107 2315 modum

97 2342 212 2422 collyrii
234 2343 357 2404 rotundi
379 2344 506 2403 interius
529 2344 560 2402 in
583 2361 672 2404 anum
694 2345 807 2405 inioies.

55 2449 82 2490 25
185 2431 338 2492 Confectio
361 2430 431 2492 salis
454 2430 608 2492 cathartici
632 2434 688 2493 sic:
717 2431 888 2493 Seamoniae
912 2465 956 2475 -
973 2429 1023 2512 lll,
1046 2433 1105 2492 zin·
1125 2445 1159 2495 49

95 2518 206 2597 giberis
231 2553 269 2563 —
291 2519 339 2601 lll,
362 2519 529 2598 petrosilini
553 2552 593 2562 —
614 2519 667 2602 111,
691 2519 761 2581 44114
784 2522 960 2581 ammoniaci
983 2519 1106 2600 -1111,

94 2610 227 2668 masticis
253 2608 356 2690 -ll,
383 2610 496 2687 piperis
524 2607 583 2669 albi
608 2641 645 2651 —
672 2607 698 2691 l,
725 2611 767 2670 ita
795 2616 828 2670 ut
856 2611 1034 2670 scamoniam
1058 2627 1105 2670 co-

96 2714 181 2776 quas,
210 2704 243 2757 ut
269 2697 368 2757 minus
395 2696 499 2758 laedat.
541 2695 659 2776 Coques
686 2699 765 2758 enim
791 2699 847 2758 sic:
877 2700 976 2757 mittes
999 2699 1031 2756 in
1054 2715 1104 2774 pa-

96 2791 171 2842 stam
199 2791 229 2843 et
256 2783 363 2844 deinde
390 2786 490 2845 mittes
519 2786 550 2844 in
578 2785 711 2865 furnum,
741 2793 774 2845 ut
802 2803 869 2844 cum
898 2803 932 2844 ea
960 2795 1105 2861 coquatur

55 2877 128 2930 eoet
160 2870 375 2949 aliquantulum
406 2871 473 2949 plus
507 2873 619 2954 mittes,
651 2881 685 2934 ut
717 2891 785 2933 cum
817 2879 902 2932 cocta
934 2871 1037 2951 luerit,
1070 2870 1106 2929 ad

95 2958 212 3037 pondus
233 2977 323 3038 supra
347 2961 491 3039 scriptum
514 2962 624 3043 veniat,
648 2969 768 3023 etcum
792 2960 1027 3038 refrigeraverit,
1051 2957 1104 3018 tol·

94 3047 137 3106 les
170 3054 201 3106 41
232 3049 274 3108 414
307 3049 404 3109 omnia
431 3056 512 3109 teres
540 3057 570 3110 et
596 3050 737 3111 miscebis
769 3057 800 3110 et
832 3047 867 3108 ad
894 3046 973 3126 quod
1005 3044 1105 3105 volue-

94 3136 137 3194 ris
173 3135 410 3198 manducandum
446 3138 478 3197 in
516 3140 649 3199 convivio
681 3157 736 3218 pro
769 3135 1006 3216 quibuscumque
1040 3132 1105 3194 sali-

94 3222 150 3284 bus
174 3226 277 3284 uteris.

100 3474 105 3481 .
183 3427 469 3499 dpulipodum1m.
570 3428 742 3500 leptiaonn.
842 3435 874 3484 13
897 3426 1033 3483 duriciem
1057 3431 1105 3481 144

92 3499 225 3556 duritiam
245 3506 300 3555 2m.
373 3505 406 3556 22
426 3498 620 3571 atnfysagriae.

907 3583 967 3640 *ll*
