2438 3802
512 131 750 196 -202-

69 309 104 358 6ο
123 314 195 357 num
218 294 263 355 lac
287 301 405 355 coctum
429 294 603 371 frequenter
625 293 716 354 hibat.
753 293 848 355 Rutae
867 311 969 355 semen
988 312 1060 354 cum
1082 294 1144 355 sul·

123 403 198 465 pure
222 385 287 444 vivo
310 384 425 444 minore
448 400 588 442 mensura
614 382 729 443 adiecto
758 391 841 443 aceto
869 384 1016 444 conterito
1045 383 1141 462 idque

123 477 241 535 ieiunus
265 491 350 533 mane
374 478 501 551 gustato,
524 473 634 550 optime
658 471 814 532 adversum
837 471 970 532 dolorem
989 472 1141 533 stomachi

70 573 102 623 61
124 563 288 642 accipieris.
318 560 518 639 Repentinum
538 559 682 620 stomachi
701 559 834 620 dolorem
852 569 915 621 tres
930 562 1041 639 caputii
1058 559 1141 639 longi

123 653 241 731 purgati
264 657 294 710 ct
317 647 427 728 singuli
449 666 518 708 cum
541 647 627 708 melle
647 651 758 728 sumpti
776 651 875 710 statim
894 656 1000 710 sanant
1018 663 1166 710 necnont

124 750 153 800 et
167 748 265 800 terrae
279 737 388 799 malum
399 744 563 797 comestum
574 736 691 798 dolores
701 738 846 798 stomachi
855 737 994 799 celeriter
1004 740 1140 816 castigat.

69 841 104 891 62
215 827 399 888 Solutioncm
414 825 559 886 stomachi
572 826 833 905 infirmitatemque
853 827 1010 886 confirmat
1028 829 1078 886 ovi
1096 845 1141 888 se·

123 919 243 976 micocti
266 915 384 976 vitellus
408 923 438 975 et
461 914 553 992 gallae
576 933 646 993 pars
670 915 792 975 dimidia
814 917 892 995 trita,
921 917 947 975 si
971 923 1039 975 ante
1064 915 1140 977 duas

122 1004 212 1065 horas
236 1023 323 1083 quam
347 1004 433 1064 cibus
456 1011 591 1063 sumatur
614 1005 705 1064 mixta
727 1003 800 1064 haec
824 1022 892 1064 cum
911 1005 980 1063 vino
998 1003 1140 1065 haurian-

69 1107 103 1155 63
123 1104 181 1173 tur,
205 1094 256 1153 sed
276 1103 375 1152 vetere
395 1100 425 1152 et
443 1092 598 1171 tepefacto.
640 1090 805 1152 Rancorem
825 1092 969 1153 stomachi
988 1099 1177 1171 temperato

123 1201 191 1242 caro
220 1183 340 1242 vaccina
367 1199 403 1241 ex
430 1182 491 1241 vini
519 1188 550 1240 et
572 1182 649 1241 aceti
672 1199 764 1259 aequa
787 1183 925 1260 portione
950 1180 1085 1242 discocta
1109 1189 1140 1242 et

123 1271 189 1331 cibo
213 1277 339 1349 sumpta.

68 1372 104 1420 64
211 1359 395 1418 lnllationem
425 1357 570 1418 stomachi
592 1357 696 1418 sedant
718 1356 857 1436 marathi,
881 1357 912 1417 id
936 1365 982 1418 est
1005 1358 1140 1439 feniculi,

124 1455 154 1507 et
173 1450 231 1527 apii
250 1446 366 1506 radices
384 1449 416 1506 in
435 1448 503 1505 vino
522 1446 588 1505 albo
608 1446 730 1506 odorato
749 1454 850 1506 vetere
869 1446 998 1526 inlusae3
1020 1446 1057 1506 de
1078 1466 1138 1526 quo

123 1540 149 1596 si
171 1539 290 1596 ieiunus
314 1536 380 1613 quis
400 1533 521 1613 cyathos
541 1535 616 1594 duos
633 1543 718 1612 potet
736 1553 805 1595 cum
827 1533 938 1594 calidae
957 1553 1052 1612 aquae
1072 1550 1178 1615 eya-1⁶

123 1625 175 1685 tho
202 1627 324 1702 mixtos,
358 1625 468 1702 optime
497 1625 669 1701 accipietur.
714 1622 808 1684 Rotae
836 1641 955 1702 quoque
985 1623 1139 1686 hortensis

122 1712 276 1792 paululum
300 1711 367 1772 cibo
386 1719 538 1790 sumptum
557 1710 605 1770 vel
622 1713 653 1772 in
672 1713 793 1790 potione
812 1710 938 1772 dilutum
958 1720 1048 1790 atque
1067 1731 1139 1792 epo·

68 1813 102 1864 66
122 1811 186 1863 tum
213 1801 381 1862 inflationes
410 1799 555 1861 stomachi
577 1802 737 1878 conpescit.
783 1799 967 1860 inflationem
991 1801 1140 1863 stomachi

123 1893 328 1968 potentissime
342 1890 466 1951 discutit
479 1890 567 1950 limus
581 1888 667 1950 vituli
680 1907 787 1950 recens
802 1907 838 1949 ex
853 1891 921 1949 vino
936 1891 1021 1968 potui
1036 1889 1139 1972 datus3

121 1980 178 2040 hoc
201 1987 232 2040 et
255 1979 372 2040 dolores
396 1981 461 2040 eius
482 1998 518 2040 ex
539 1980 650 2057 frigore
669 1987 720 2039 aut
738 1977 885 2039 cruditate
904 1977 1026 2039 ohortos
1046 1981 1136 2039 mira·
1150 1993 1175 2034 ao

121 2068 221 2130 hiliter
244 2069 363 2129 mulcet.
1127 2125 1132 2135 ,

67 2168 102 2218 66
210 2157 385 2219 Remedium
408 2156 564 2235 physicum
587 2173 726 2233 magnum
748 2154 905 2215 adversum
924 2154 1057 2215 dolorem
1077 2166 1138 2216 sto·

120 2245 227 2307 machi.
272 2244 306 2304 ln
334 2243 441 2303 lamina
469 2251 608 2322 argentea
637 2243 750 2304 scribes
779 2251 809 2303 et
836 2243 931 2304 dices:
967 2245 1137 2306 Aritmatho

121 2335 205 2394 auter
219 2331 337 2392 dolores
357 2331 502 2390 stomachi
519 2331 570 2410 illi,
585 2349 673 2409 quem
687 2334 805 2410 peperit
818 2331 874 2392 illa.
905 2331 1038 2393 Eandem
1052 2333 1136 2394 lami-

120 2438 189 2479 nam
216 2420 282 2479 lana
310 2421 372 2478 ovis
400 2420 482 2478 vivae
510 2418 672 2479 involutam
700 2419 775 2480 collo
804 2420 840 2480 de
868 2420 936 2481 licio
968 2422 1136 2500 suspendes
1150 2435 1176 2478 aa

120 2515 151 2568 et
178 2507 208 2566 id
236 2524 326 2584 agens
355 2506 450 2566 dices:
486 2506 578 2567 Auser
601 2506 674 2567 mihi
698 2506 743 2567 vel
765 2507 809 2568 illi
832 2508 977 2570 stomachi
1002 2509 1138 2571 dolorem

66 2606 101 2656 67
120 2595 293 2656 Aritmatho.
323 2593 462 2654 Dolorem
477 2603 507 2655 et
520 2594 702 2656 inflationem
717 2597 862 2657 stomachi
877 2605 960 2658 sanat
974 2600 1058 2658 iecur
1073 2598 1138 2678 lupi

89 2768 92 2776 Ι
120 2686 205 2763 prius
228 2702 303 2762 aqua
327 2691 459 2765 coctum,
487 2703 556 2745 mox
584 2685 747 2746 arefactum
775 2694 805 2747 et
832 2688 937 2748 tritum
960 2689 1136 2767 potionique

120 2775 298 2854 inspersum.

65 2876 100 2926 66
208 2862 373 2924 Fastidium
401 2862 548 2924 stomachi
575 2861 686 2924 relevat
713 2881 840 2942 papaver
872 2863 1020 2946 silvestre,
1054 2865 1136 2945 qnod
1150 2877 1177 2920 ao

120 2951 230 3014 Gallice
253 2952 439 3013 calccatanos
463 2951 582 3033 dicitur,
605 2954 710 3014 tritum
734 2961 764 3013 et
783 2971 819 3012 ex
837 2952 912 3013 lacte
932 2972 1064 3032 capruno
1084 2973 1136 3035 po·

119 3045 165 3104 tui
188 3042 298 3103 datum.

66 3144 100 3192 66
208 3130 364 3210 Epithema
382 3132 526 3209 optimum
542 3130 577 3190 ad
593 3128 779 3190 stomachum
793 3128 986 3189 reficiendum
1001 3130 1136 3210 mihique

119 3221 360 3299 expertissimum
383 3218 541 3278 conficitur
564 3220 621 3279 sic:
644 3216 785 3298 Masticis,
808 3219 893 3299 turis,
916 3218 1002 3278 nardi
1025 3221 1136 3302 spicae,

210 3353 364 3422 lsnlpore.
428 3352 597 3421 tcaepntii.
662 3352 797 3409 evitent.
861 3353 954 3408 tritae.
988 3344 1134 3423 '90be

119 3424 272 3479 auriantur.
324 3428 357 3476 13
377 3421 495 3476 sedeant
513 3426 561 3476 im
580 3423 680 3478 sedant
697 3426 756 3478 tm.
817 3429 850 3478 lo
870 3424 985 3496 cyatho]
1006 3425 1133 3495 cyathos.

120 3499 153 3549 17
172 3493 325 3562 paulolum.
399 3491 576 3548 contortus.
649 3499 683 3549 2⁷
703 3492 822 3551 arioiho.
