2438 3802
483 142 722 208 -151-

96 310 128 368 in
151 305 238 387 aluta,
261 324 330 367 cum
354 323 430 385 opus
453 313 500 366 est
522 305 644 386 adponi;
666 307 756 367 tertio
779 306 825 366 rel
850 315 956 386 quarto
980 307 1028 368 die
1051 308 1109 368 sol·

97 397 184 476 uitur,
203 397 229 455 si
246 412 307 455 non
327 395 558 474 suppurarerint
576 401 721 475 strumae;
741 394 793 455 sed
808 398 834 456 si
848 403 968 474 apertae
987 397 1108 478 luerint,

96 483 194 544 bieme
218 482 340 544 alternis
359 483 500 563 solvetur,
518 490 629 544 aestate
649 483 779 544 cottidie.
813 483 955 563 Malagma
974 484 1011 545 ad
1030 492 1107 546 stru·
1127 499 1163 548 es

95 590 159 633 mas
183 570 268 632 etad
292 589 410 632 omnem
429 572 568 633 duritiam
587 571 776 632 relaxandam
795 574 953 634 mirificum
973 576 1030 635 sic:
1052 571 1108 633 lie-

67 663 178 721 ssinae
206 659 424 722 terebinthinae
446 659 478 720 P.
497 659 537 741 ll,
560 678 646 720 cerae
670 659 823 740 selibram,
850 660 995 743 propolis,
1019 679 1108 741 quam

96 749 218 829 quidam
236 767 334 809 ceram
353 767 468 809 sacram
486 755 601 829 vocant,
619 747 650 808 P.
665 747 687 829 1,
705 747 823 828 galbani
836 749 867 811 P.
881 749 904 830 l,
922 749 980 810 olei
999 752 1108 811 veteris

97 836 245 898 selibram.
274 835 353 898 llaec
373 839 471 897 omnia
490 855 559 899 cum
578 836 642 898 oleo
661 837 697 897 ad
716 839 815 916 ignem
828 838 977 918 liquefieri
990 846 1110 919 oportet

97 933 127 986 et
145 932 248 1004 postea
266 927 387 986 misceri
405 927 479 987 visci
497 925 534 987 de
553 923 667 1005 quercu
685 924 716 987 P.
736 925 757 1006 l,
775 926 870 1006 xipbii
887 926 1005 1007 radicis,
1028 928 1108 1007 quod

95 1032 151 1074 nos
174 1013 331 1093 gladiolum
355 1013 545 1095 appellamus,
567 1014 599 1075 P.
618 1013 640 1095 l,
663 1014 793 1075 laeculae
816 1017 914 1094 putris
937 1014 968 1076 P.
987 1015 1009 1097 l,
1032 1016 1109 1076 asro-

55 1121 81 1160 to
95 1104 168 1163 nitri
200 1101 293 1163 librae
325 1103 534 1183 quadrantem,
566 1105 744 1181 opopanacis
776 1102 807 1165 P.
831 1104 852 1164 l.
898 1102 978 1165 Haec
1010 1107 1109 1165 omnia

96 1191 214 1272 ordine,
240 1209 300 1270 quo
330 1193 442 1271 scripta
465 1199 548 1271 sunt,
577 1193 647 1252 trita
674 1190 857 1271 criblataque
884 1193 916 1251 in
945 1192 1107 1252 caccabum

96 1281 299 1360 coniciuntur,
327 1297 481 1359 opopanax
507 1279 572 1341 oleo
598 1279 723 1340 diluitur
746 1289 777 1340 et
799 1280 936 1358 solvitur3
959 1279 1011 1340 ubi
1035 1289 1108 1340 tem-

96 1376 232 1446 peratum
250 1376 297 1429 est
310 1368 568 1450 medicamentum,
586 1367 724 1428 manibus
739 1368 896 1448 subigitur,
915 1367 1020 1428 linitur
1039 1387 1108 1429 curn

96 1474 171 1536 opus
194 1464 240 1517 est
263 1457 342 1517 aluta
366 1459 461 1518 etsie
485 1457 652 1536 adponitur.
872 1525 874 1530 ¹

54 1562 82 1605 aa
184 1545 337 1607 Glandulis
355 1546 445 1606 iacies
463 1545 628 1606 remedium
648 1547 704 1606 sic:
727 1543 872 1625 Farinam,
894 1543 962 1626 mel,
981 1559 1164 1610 crocumtoo

95 1642 126 1694 et
148 1635 261 1694 caricas
284 1634 372 1695 simul
395 1636 487 1695 misce
511 1642 541 1695 et
563 1643 685 1695 contere
709 1641 797 1712 atque
822 1651 915 1695 unum
934 1651 1044 1712 corpus
1067 1635 1108 1695 ia-

94 1725 154 1783 cito
178 1731 208 1784 et
230 1725 272 1783 ita
294 1722 385 1783 linteo
408 1722 500 1784 inline
519 1730 550 1784 et
568 1741 660 1801 super
678 1721 830 1801 glandulas
848 1740 935 1801 pone.
976 1721 1103 1784 Carmen
1111 1735 1162 1786 101

95 1813 204 1872 mirum
227 1811 262 1872 ad
286 1811 439 1891 glandulas
463 1814 520 1873 sic:
556 1810 661 1872 Albula
683 1810 821 1889 glandula
850 1829 906 1871 nec
929 1810 1029 1871 doleas
1052 1831 1108 1873 nec

96 1917 203 1960 noceas
230 1919 286 1961 nec
309 1900 462 1979 paniculas
485 1901 590 1980 facias,
618 1900 671 1960 sed
694 1898 841 1978 liquescas
865 1907 1015 1978 nmquam
1039 1901 1109 1961 salis

55 2003 82 2046 ro
96 1989 128 2047 in
151 2006 233 2068 aqua.
267 1987 330 2050 Hoc
354 1997 402 2049 ter
424 1991 527 2049 novies
550 1988 653 2049 dicens
677 2005 768 2066 spues
791 1987 827 2047 ad
850 1997 962 2048 terram
980 1996 1011 2049 et
1029 1989 1108 2068 glan-

96 2075 179 2138 dulas
206 2080 285 2156 ipsas
319 2077 426 2157 pollice
458 2085 489 2138 et
520 2076 613 2155 digito
645 2075 816 2136 medicinali
845 2075 1004 2157 perduces,
1037 2077 1108 2138 dum

95 2185 215 2227 carmen
243 2166 332 2248 dicis;
360 2166 412 2227 sed
440 2175 508 2227 ante
536 2164 607 2226 solis
635 2175 733 2225 ortum
762 2172 794 2224 et
820 2174 888 2243 post
916 2183 1055 2225 occasum
1077 2167 1108 2227 id

94 2255 195 2335 lacios,
214 2263 304 2334 prout
327 2255 391 2316 dies
414 2263 541 2316 autnon
561 2256 722 2314 minuetur.
759 2253 917 2314 Glandulas
936 2271 1021 2314 mane
1041 2268 1163 2318 car-102

94 2343 231 2424 minabis,
255 2347 280 2404 si
304 2343 368 2404 dies
390 2345 556 2424 minuetur,
580 2345 606 2403 si
628 2361 700 2426 nox,
724 2341 760 2402 ad
784 2360 937 2422 vesperam
961 2351 991 2403 et
1015 2342 1107 2422 digito

53 2448 81 2489 aa
95 2432 264 2493 medicinali
291 2451 325 2493 ac
352 2431 459 2512 pollice
486 2434 643 2493 continens
671 2449 721 2491 eas
749 2430 846 2492 dices:
883 2430 994 2491 Novem
1027 2432 1108 2512 glan-

95 2521 182 2582 dulae
210 2539 342 2603 sorores,
370 2530 437 2582 octo
467 2521 622 2600 glandulae
650 2537 782 2600 sorores,
810 2528 924 2599 septem
953 2519 1108 2599 glandulae

95 2627 225 2689 sorores,
247 2627 299 2669 sex
322 2609 476 2688 glandulae
500 2628 628 2692 sorores,
652 2611 784 2688 quinque
805 2608 961 2686 glandulae
980 2627 1109 2690 sorores,

96 2706 238 2777 quattuor
260 2697 414 2777 glandulae
444 2716 576 2780 sorores,
603 2709 666 2758 tres
689 2696 845 2775 glandulae
869 2715 1004 2779 sorores,
1032 2699 1108 2760 dirae

95 2785 250 2864 glandulae
274 2805 406 2867 sorores,
434 2805 494 2846 una
516 2785 654 2864 glandula
677 2802 776 2863 soror,
800 2803 906 2845 novem
928 2785 1005 2846 liunt
1027 2787 1108 2864 glau-

54 2889 81 2929 so
95 2874 195 2956 dulae,
223 2882 290 2935 octo
319 2875 395 2935 fiunt
421 2873 591 2952 glandulae,
619 2879 733 2950 septem
762 2873 837 2931 liunt
860 2871 1028 2953 glandulae,
1056 2893 1108 2934 sex

95 2964 172 3025 fiunt
198 2961 366 3042 glandulae,
394 2963 527 3040 quinque
554 2961 630 3021 bunt
657 2957 826 3039 glandulae,
859 2966 1001 3037 quattuor
1033 2961 1109 3022 liunt

95 3052 263 3131 glandulae,
287 3059 349 3113 tres
371 3052 449 3111 liunt
471 3047 639 3129 glandulae,
663 3046 737 3107 duae
760 3047 837 3107 liunt
862 3045 1026 3128 glandulae,
1049 3067 1109 3110 una

94 3141 129 3201 lit
151 3140 297 3222 glandula,
321 3139 401 3201 nulla
424 3140 457 3201 fit
480 3136 625 3216 glandula.

184 3229 227 3288 dd
250 3247 294 3308 ea,
317 3247 393 3308 quae
416 3227 552 3289 faucibus
575 3223 782 3306 inhaerebunt,
804 3223 979 3286 remedium.
1015 3225 1046 3287 st
1069 3239 1163 3288 ostes

53 3331 82 3373 as
95 3326 147 3378 aut
169 3320 259 3378 arista
281 3318 413 3379 haeserit
434 3317 529 3398 gulae,
552 3315 599 3377 vel
621 3317 695 3396 ipse,
718 3315 768 3374 cui
789 3313 941 3396 acciderit,
964 3315 1010 3376 vel
1033 3314 1108 3377 alius

167 3504 323 3575 exiphiee.
396 3511 430 3561 to
448 3504 609 3580 peniculus]
627 3501 767 3578 percute.
839 3503 986 3562 medem..
1056 3544 1059 3549 ·
