2438 3802
496 149 735 214 -179-

104 314 228 393 Rigores
259 313 408 374 cervicum
438 331 506 372 sevo
535 311 647 373 bubulo
675 314 785 391 optime
808 313 1024 397 perfricantur3
1051 331 1119 375 nam
1140 321 1173 373 16

104 404 246 464 continuo
270 400 449 462 mollescunt
472 410 502 461 et
527 400 611 461 dolor
630 402 726 461 omnis
746 400 887 461 abscedit.
924 400 1040 462 Herbae
1059 412 1119 464 vet·
1140 409 1172 461 11

103 493 219 553 tonicae
248 491 394 551 contritae
424 507 515 551 sucus
542 489 578 549 ad
607 489 754 569 scripulos
782 489 858 550 duos
883 489 999 550 adiecto
1022 491 1118 551 mulso

101 582 187 660 potui
214 579 301 639 datus
329 578 461 638 dolorem
490 579 640 638 cervicum
664 577 768 660 leniet,
796 579 848 638 sed
877 577 1059 639 febricitanti
1083 597 1119 639 ex

76 685 179 748 saqua
203 667 297 727 calida
320 666 386 727 dari
408 674 535 745 oportet.

27 820 32 831 ,
193 756 241 816 Sal
269 757 301 815 in
329 773 415 816 sacco
443 754 603 816 calefactus
631 756 840 834 inpositusque
863 757 977 816 umeris
1000 762 1172 816 omuem18

104 845 236 905 dolorem
259 845 369 924 optime
393 843 529 924 discutit,
553 845 580 904 si
603 843 726 905 adsidue
749 852 964 926 commutetur,
992 852 1026 906 ut
1050 844 1117 906 oali-

103 934 169 994 dior
196 941 337 1014 ponatur,
364 933 429 993 lana
458 951 576 1011 quoque
604 932 707 993 sucida
737 950 774 993 ex
797 933 863 994 oleo
887 934 981 995 rabdo
1006 936 1117 994 umeris

102 1023 235 1101 adposita
255 1021 400 1082 medetur.
435 1021 565 1100 Spongia
583 1021 688 1081 leviter
706 1040 859 1104 mucrone,
883 1041 941 1102 quo
961 1022 1048 1083 homo
1069 1021 1116 1083 oc·
1136 1029 1168 1079 19

60 1128 88 1169 ao
103 1113 183 1172 cisus
202 1119 257 1192 est,
277 1109 391 1171 adtacta
411 1117 441 1170 et
459 1109 553 1171 calida
567 1109 827 1189 umerisadposita
841 1111 994 1192 medetur3
1018 1119 1118 1172 cetera

103 1218 181 1280 vero,
206 1217 281 1278 quae
302 1207 372 1259 sunt
392 1201 423 1258 in
442 1197 562 1259 lacertis
580 1198 770 1259 brachiorum
790 1206 820 1260 et
839 1198 949 1259 cubitis
968 1207 998 1258 et
1017 1199 1117 1278 digitis

101 1307 135 1349 ac
163 1289 263 1349 nervis
291 1295 321 1347 et
348 1287 496 1368 articulis,
523 1289 657 1348 causaria
684 1289 785 1366 acopis
814 1295 844 1347 et
867 1287 1063 1348 calefactoriis
1087 1295 1118 1348 et

102 1377 240 1437 remediis
260 1376 386 1436 diversis
406 1385 558 1457 curantur,
578 1393 652 1455 quae
672 1377 762 1436 variis
781 1374 854 1436 10010
874 1383 944 1436 sunt
958 1375 1115 1456 adscripta.

189 1465 233 1526 Ad
256 1464 357 1525 hircos
381 1473 410 1525 et
433 1464 493 1525 alas
517 1465 644 1525 fetentes
667 1463 832 1525 remedium
860 1465 917 1525 sic:
949 1463 1033 1524 Hirci
1055 1482 1115 1526 ma·
1134 1470 1169 1523 20

59 1556 225 1616 maturioris
249 1572 343 1614 cornu
362 1571 462 1614 rasum
482 1553 527 1613 vel
546 1560 684 1615 exustum
703 1571 772 1614 cum
790 1553 857 1614 felle
876 1553 954 1614 hirci
971 1554 1115 1614 miscetur

101 1651 131 1704 et
144 1643 277 1722 pondere
291 1660 386 1722 aequo
401 1661 499 1721 myrra
514 1641 642 1704 adicitur
656 1653 745 1721 atque
764 1643 833 1703 inde
848 1641 972 1703 ascellae
987 1641 1115 1720 demptis

100 1734 185 1812 prius
207 1730 276 1811 pilis
300 1730 422 1791 adsidue
446 1730 655 1810 perfricantur.
701 1730 827 1791 Alumen
854 1733 982 1792 scissum
1006 1733 1167 1791 0101110121

89 1823 239 1901 mixtum,
268 1822 293 1879 si
320 1821 351 1879 in
379 1838 472 1880 tinum
500 1829 637 1881 conteras
665 1829 753 1898 atque
780 1819 839 1880 alas
863 1819 968 1880 fetidas
992 1819 1114 1880 adsidue

101 1909 243 1988 perfrices
249 1955 258 1988 ,
286 1907 397 1968 bouum
423 1907 481 1968 illis
504 1907 628 1968 halitum
653 1907 772 1968 excluso
796 1915 891 1968 taetro
915 1907 1006 1968 odore
1029 1926 1113 1987 prae-

59 2011 86 2052 10
101 1996 201 2059 stabis.
242 1996 317 2057 Caro
340 1995 463 2057 vitulina
486 2014 591 2056 1000110
620 2014 689 2056 cum
717 2004 800 2056 aceto
829 2004 913 2056 cocta
937 1996 1113 2075 madidaque
1133 2000 1166 2051 22

99 2085 153 2146 alis
177 2087 305 2165 inposita
327 2085 453 2146 fetorem
471 2084 549 2146 hirci
567 2086 771 2146 taeterrimum
791 2085 875 2145 tollit.
917 2083 1015 2164 Myrra
1035 2087 1166 2146 0100123

89 2183 186 2239 tunsa
206 2174 328 2235 adsidue
347 2173 408 2234 alas
428 2174 568 2255 confrico,
591 2174 695 2234 vitium
715 2174 819 2234 fetoris
838 2176 912 2234 mire
932 2172 1112 2234 emendabis.

95 2261 295 2342 Laserpitium
322 2264 557 2324 vetustissimum
584 2262 689 2344 tunde,
717 2262 816 2324 cribra
844 2271 932 2342 atque
955 2262 1024 2323 inde
1048 2261 1108 2324 alas
1130 2267 1165 2317 24

95 2352 232 2432 perfrica,
256 2351 393 2412 similiter
414 2352 556 2431 proderit.
593 2351 678 2412 Nitro
702 2371 738 2413 ex
760 2370 837 2432 aqua
861 2351 953 2413 diluto
977 2351 1023 2412 vel
1046 2351 1107 2414 alu·
1128 2355 1161 2407 25

54 2454 81 2497 ea
96 2443 175 2501 mine
193 2442 262 2500 vino
281 2442 406 2501 remisso
425 2449 510 2502 utere
530 2443 627 2520 quam
638 2443 811 2521 saepissime
830 2441 867 2502 ad
886 2441 998 2502 alarum
1015 2442 1107 2502 feten·

96 2531 172 2590 tium
196 2528 441 2590 emendationem.

183 2618 227 2677 Ad
251 2618 460 2698 paronychiam
480 2626 510 2678 et
529 2621 759 2698 suppurationes
778 2620 1008 2698 unguiculorum
1027 2619 1107 2698 glan·
1128 2624 1164 2675 16

95 2706 162 2767 dem
181 2709 282 2767 tritam
301 2726 368 2768 oum
389 2724 499 2785 sapone
513 2707 637 2789 adpone,
655 2708 917 2787 ibiscumquoque
933 2727 1106 2770 0001011111-

94 2798 141 2874 gia
160 2803 190 2856 et
208 2814 284 2875 pane
304 2798 375 2856 trito
393 2797 512 2874 inpone.
535 2793 574 2855 Ut
593 2798 711 2855 excussi
730 2813 846 2873 ungues
865 2797 924 2856 cito
938 2805 1106 2878 resurgant,
1126 2801 1161 2850 27

53 2899 80 2940 oo
94 2884 331 2964 quinquefolium
347 2900 424 2955 ,cum
447 2881 532 2959 adipe
557 2881 687 2960 qualibet
709 2885 814 2942 tritum
837 2885 1004 2963 inponitur,
1031 2884 1107 2944 olea-

94 2975 150 3035 stri
163 2992 282 3053 quoque
297 2971 365 3032 folia
380 2969 622 3032 commanducata
636 2969 808 3030 recentibus
821 2973 966 3050 unguium
977 2970 1105 3032 vulneri-

93 3061 149 3122 bus
177 3071 259 3123 reote
287 3064 482 3140 inponuntur.
528 3057 728 3138 Paronychiae
756 3065 872 3119 stercus
900 3077 936 3119 ex
964 3058 1106 3132 auriculis
1125 3064 1160 3114 28

92 3151 202 3230 inpone
226 3159 256 3211 et
278 3149 432 3211 linteolum
456 3146 646 3228 superalliga,
672 3145 818 3208 mirabere
841 3146 1014 3208 remedium.
1060 3147 1159 3210 1100

94 3239 173 3299 idem
202 3257 288 3301 uvam
315 3256 432 3318 passam
460 3236 643 3299 enucleatam
671 3255 739 3298 cum
767 3244 834 3298 ture
860 3239 930 3298 trito
955 3235 1107 3299 subactam

184 3451 217 3500 17
241 3445 345 3514 styraci
368 3445 535 3512 0010011110,1
558 3461 605 3517 epo
632 3445 765 3514 formam,
789 3462 874 3517 quom
896 3444 1028 3501 omnibus
1041 3444 1124 3496 todo

94 3517 177 3572 codex
196 3517 309 3585 conbibet,
326 3517 442 3574 retitui.

925 3602 985 3659 qq*
