2438 3802
498 143 718 208 „13-

100 310 236 388 potione,
265 307 372 367 deinde
400 313 521 386 postero
550 305 597 366 die
620 305 728 366 laveris
754 305 881 384 ciboque
904 307 990 366 lirmo
1013 309 1118 388 utaris,

106 415 164 476 qua
186 415 219 457 re
242 404 273 456 et
296 395 501 456 observatione
525 395 646 475 efficies,
670 413 708 454 ne
733 393 803 472 quid
828 397 947 454 omnino
969 397 1033 455 vitii
1052 414 1116 456 cor-

104 487 172 564 pori
198 493 254 552 tuo,
278 484 393 545 accidat
420 492 450 545 et
477 490 621 563 perpetua
649 485 774 543 sanitate
804 485 844 543 sis
872 489 964 543 tutus.
1010 483 1064 544 Est
1087 493 1117 545 et

104 576 185 654 potio
209 573 346 654 salubris,
371 591 446 652 quae
470 590 557 633 omne
581 574 716 652 corporis
739 573 845 632 vitium
868 572 969 632 elimat
987 581 1018 633 et
1040 571 1116 632 vale·

74 681 88 721 u
102 662 237 723 tudinem
252 663 416 723 confirmat.
443 661 517 722 Eius
530 663 659 740 potionis
673 663 732 721 iam
752 668 852 722 tecum
871 661 962 722 habes
982 663 1117 739 conposi-

103 753 229 832 tionem,
253 769 309 829 per
332 768 425 811 annos
449 752 528 810 enim
552 748 725 831 conplures,
753 751 931 811 amicissime
954 749 1117 830 Maecenas,

104 858 176 900 cum
201 839 326 900 Caesare
354 847 458 900 nostro
485 841 598 918 pariter
625 857 680 899 nos
711 840 823 899 morari
850 841 1025 919 meministi,
1058 857 1117 918 quo

105 936 240 1007 tempore
272 928 345 989 haec
377 927 561 988 observando
598 945 760 1007 numquam
792 929 824 988 in
855 927 949 988 ullum
982 929 1118 1006 corporis

102 1017 278 1095 languorem
301 1017 446 1098 incidisti,
473 1035 531 1095 quo
554 1025 689 1095 tempore
712 1035 767 1078 nec
791 1024 927 1079 nostrum
950 1017 1116 1096 Augustum

61 1125 90 1165 ιο
105 1107 264 1185 quicquam
292 1106 473 1166 molestioris
500 1105 681 1166 incommodi
707 1124 828 1185 passum
856 1125 921 1167 esse
945 1109 1032 1167 nosti.
1074 1106 1117 1166 Ita
1138 1116 1170 1165 11

103 1196 185 1255 enim
208 1213 255 1255 me
279 1202 379 1255 tecum
403 1194 539 1275 habebis,
568 1195 594 1255 si
621 1193 753 1254 libellum
779 1213 880 1255 meum
907 1195 1032 1272 legendo
1056 1212 1118 1254 sae·

102 1285 173 1362 pius
196 1286 344 1365 tractaris,
368 1286 420 1363 qui
443 1283 559 1362 plenius
583 1281 638 1344 tibi
660 1301 708 1342 me
731 1283 854 1343 absente
877 1290 1030 1360 praestare
1049 1300 1117 1342 con-

106 1371 205 1432 silium
233 1375 263 1434 in
293 1372 431 1433 omnibus
458 1373 578 1449 poterit.
623 1371 747 1431 Terenti
773 1370 920 1449 Euelpisti
951 1373 984 1430 in
1015 1370 1118 1430 ultimo

105 1459 204 1521 libello
219 1460 300 1539 leges
317 1461 457 1540 dynames
476 1459 647 1539 herbarum,
662 1476 735 1538 quas
750 1467 784 1519 ut
798 1458 1002 1519 crescentibus
1016 1477 1118 1519 nume-

63 1551 149 1611 loris
171 1549 260 1611 lunae
283 1549 433 1629 observes,
456 1549 527 1610 dum
550 1547 629 1609 tollis
653 1556 682 1608 et
701 1549 854 1628 conponis,
875 1555 987 1610 curato.
1026 1547 1057 1607 Si
1078 1549 1118 1608 ita

105 1655 167 1698 non
194 1638 302 1699 feceris
334 1637 423 1699 etad
448 1638 681 1699 deminutionem
709 1637 796 1698 lunae
826 1637 996 1717 sustuleris,
1020 1638 1119 1698 minus

106 1725 254 1788 valebunt.
294 1726 397 1805 Ipsum
425 1729 514 1788 etiam
539 1744 620 1787 mare
643 1745 698 1806 per
720 1725 821 1787 lunam
844 1728 948 1805 augeri
972 1734 1001 1786 et
1024 1726 1119 1786 minui

106 1817 232 1895 scimus,
256 1816 380 1877 cerebra
404 1819 492 1877 etiam
515 1815 668 1876 hominum
692 1824 839 1894 augentur
861 1823 1016 1877 crescente
1040 1815 1117 1875 luna.

107 1903 181 1964 Cum
209 1912 309 1965 autem
337 1907 481 1966 minuitur
514 1904 596 1980 luna,
623 1921 683 1963 una
706 1922 841 1983 quaeque
869 1923 919 1965 res
942 1904 1118 1965 deminutio·

64 2014 93 2053 so
107 2011 175 2053 nem
200 1995 299 2054 sentit.
332 1992 417 2063 Quod
440 1993 510 2054 licet
533 2008 729 2070 recognoscas
752 2010 788 2051 ex
807 1992 864 2071 his,
884 1992 991 2071 quibus
1012 1991 1118 2053 cotidie

108 2083 216 2163 uteris,
248 2090 348 2142 tamen
381 2091 411 2143 et
442 2100 496 2161 per
525 2098 572 2140 me
605 2079 774 2140 admonitus
806 2082 883 2140 scies
921 2078 1057 2139 omnibus
1089 2086 1119 2138 et

107 2172 202 2232 minui
224 2178 417 2249 augmentum
441 2179 471 2230 et
494 2170 597 2247 augeri
619 2185 674 2248 per
696 2167 804 2228 lunam.
844 2166 929 2238 Quod
954 2169 980 2226 si
1002 2169 1042 2227 ita
1066 2175 1120 2247 est,

107 2260 138 2318 in
166 2259 269 2320 herbis
298 2277 418 2339 quoque
446 2258 579 2337 legendis
606 2256 869 2337 conponendisque
897 2256 1119 2318 medicamentis

107 2349 166 2408 vim
191 2350 256 2409 eius
279 2355 310 2409 et
333 2356 510 2428 potestatem
537 2366 592 2408 nos
615 2346 773 2408 observare
798 2347 907 2408 debere
931 2364 968 2408 ue
992 2346 1119 2409 dubites.

134 2559 303 2639 Epistula
326 2559 421 2620 Plini
445 2561 596 2622 secundi
619 2559 660 2621 ad
684 2562 817 2622 amicos
841 2559 881 2621 de
905 2560 1091 2621 medicina.

69 2720 95 2760 es
197 2701 383 2780 Frequenter
401 2703 475 2764 mihi
492 2706 524 2764 in
543 2703 832 2783 peregrinationibus
851 2702 967 2782 accidit,
984 2710 1018 2763 ut
1032 2720 1119 2780 prop·
1140 2711 1154 2758 1

109 2796 156 2850 ter
180 2807 274 2850 meam
302 2800 353 2852 aut
381 2810 516 2853 meorum
544 2793 746 2853 infirmitatem
769 2793 865 2850 varias
889 2790 1009 2852 fraudes
1029 2791 1119 2851 medi·

112 2894 216 2937 corum
239 2883 404 2960 experirer,
429 2879 605 2959 quibusdam
628 2879 769 2937 vilissima
792 2877 923 2937 remedia
949 2879 1120 2955 ingentibus

112 2966 217 3042 pretiis
244 2968 448 3048 vendentibus,
475 2965 541 3025 aliis
564 2981 692 3041 eaquae
716 2980 821 3021 curare
841 2964 1012 3024 nesciebant
1039 2967 1121 3042 cupi-

112 3052 211 3115 ditatis
236 3075 325 3118 oausa
360 3052 609 3134 suscipientibus3
642 3049 784 3128 quosdam
812 3065 882 3107 vero
914 3053 1038 3128 conperi
1064 3050 1121 3112 boc

70 3161 219 3222 regenero
243 3149 382 3226 grassari,
405 3154 439 3207 ut
461 3144 643 3222 languentes,
667 3140 720 3219 qui
737 3137 924 3216 paucissimis
948 3138 1053 3200 diebus
1076 3140 1122 3201 vol

109 3235 198 3294 etiam
226 3234 309 3295 boris
336 3242 473 3315 possent·
488 3234 598 3312 sanari,
621 3232 653 3291 in
676 3228 796 3308 longum
821 3234 936 3307 tempus
959 3228 1121 3311 traherent,

180 3373 198 3422 4
216 3369 409 3424 valetudinem
428 3369 540 3440 scripsi:
563 3365 727 3423 valitudine.
798 3368 831 3418 13
850 3363 988 3434 Euelpisti
1009 3366 1123 3437 scripsi:

108 3438 241 3509 Velpisti.
327 3446 359 3496 ta
379 3438 600 3496 deminutionem
620 3444 669 3494 Im
688 3435 902 3492 diminutionem
920 3439 981 3506 2m,
1000 3438 1064 3495 item
1080 3443 1122 3494 19.

110 3514 143 3563 31
163 3511 291 3582 possent]
310 3514 390 3581 poss.
