2438 3802
522 141 760 204 -270—

79 304 315 383 124prolluvium
342 323 400 365 non
429 305 567 382 patietur.
609 301 728 363 Vessica
756 306 874 365 verrina
901 310 987 364 cocta
1010 304 1058 366 vel
1082 316 1145 368 usta

131 394 313 455 comedenda
327 400 378 455 aut
391 392 519 454 bibenda
534 392 695 453 efficaciter
710 391 797 453 datur
811 395 848 472 ei,
862 394 914 472 qui
928 395 1048 454 urinam
1064 413 1145 457 suam

130 502 190 545 non
212 490 312 563 potest
335 484 498 544 continere.

78 584 128 634 125
219 572 343 652 Leporis
368 568 547 631 cerebellum
572 588 607 630 ex
626 571 695 631 vino
713 577 817 649 potum
836 572 940 631 urinae
958 572 1145 634 incontinen-

131 664 202 723 tiam
224 661 369 740 refrenat3
394 658 528 719 eiusdem
550 658 682 719 testiculi
705 660 859 720 torrefacti
882 667 912 720 et
935 678 972 720 ex
993 662 1064 721 vino
1084 664 1166 741 poti⁵

78 761 189 828 taopar
208 748 374 808 remedium
393 746 578 808 summeiulis
596 754 756 826 praestant.
788 747 909 827 Ungues
924 752 1032 828 apruni
1048 754 1145 813 exusti

129 839 253 915 tritique
280 838 311 896 in
335 837 456 916 potione
480 838 591 916 sumpti
614 837 776 897 efficaciter
799 837 984 898 summeiulis
1008 849 1144 918 prosunt.

77 925 192 995 137Ουί
215 926 332 984 urinam
357 931 461 986 tenere
479 944 540 986 non
557 927 677 1005 poterit,
697 943 804 1003 caprae
822 927 967 987 vessicam
987 928 1144 991 comburat

53 1082 58 1091 ¹
77 1021 164 1074 meet
187 1015 319 1074 cinerem
343 1015 407 1074 eius
431 1033 468 1074 ex
491 1033 567 1094 aqua
590 1031 657 1074 cum
677 1015 738 1073 vini
757 1016 877 1092 potione
895 1013 986 1076 bibat.
1023 1015 1144 1079 Verrini

129 1102 265 1181 genitalis
292 1104 353 1163 usti
382 1104 515 1163 cinerem
537 1102 640 1163 bibere
665 1101 774 1162 debent
797 1105 924 1164 euvino
949 1105 1002 1183 qui
1024 1109 1143 1168 urinam
1155 1121 1176 1160 1⁰

76 1194 288 1254 1‘taeontinere
311 1209 372 1253 non
394 1199 529 1270 possunt.
561 1191 595 1251 ln
618 1189 710 1252 cubili
734 1194 815 1252 canis
834 1194 951 1252 urinam
970 1193 1070 1277 faciat,
1094 1198 1144 1275 qui

127 1283 245 1342 urinam
268 1299 328 1341 nou
351 1289 451 1360 potest
474 1282 641 1360 continere,
669 1279 821 1361 dicatque,
844 1281 915 1342 dum
938 1281 1022 1362 facit,
1050 1303 1090 1344 nc
1113 1287 1142 1345 in

128 1370 221 1432 cubili
244 1388 298 1430 suo
322 1372 440 1430 urinam
462 1378 496 1429 ut
520 1370 601 1430 canis
625 1369 721 1429 iaciat.
1143 1435 1146 1441 ,

75 1469 126 1519 130
217 1458 326 1519 Urinae
344 1459 483 1537 propriae
503 1464 775 1537 quantumcumque
794 1459 942 1537 ignoranti
963 1462 1143 1523 summeiulo

127 1549 289 1609 efficaciter
316 1546 441 1608 offertur
467 1546 514 1606 vel
541 1565 603 1626 res,
633 1565 706 1626 quas
730 1549 940 1629 conminuerit,
963 1550 995 1608 in
1021 1552 1143 1629 potione
1156 1562 1177 1603 1⁵

127 1639 335 1716 exprimuntur
363 1643 414 1697 aut
441 1634 552 1696 ibidem
581 1634 737 1696 diluuntur
767 1644 796 1697 et
823 1638 864 1696 ita
895 1638 923 1696 ei
952 1637 1049 1699 inscio
1079 1642 1142 1720 ipsa

125 1728 207 1806 potio
231 1727 415 1804 propinatur.

73 1826 123 1876 131
214 1813 330 1875 Vitrum
353 1822 434 1875 teres
457 1813 615 1892 diligenter
643 1821 763 1874 etcum
786 1815 854 1894 pice
877 1813 976 1874 cedria
1000 1817 1142 1880 miscebis

125 1912 214 1983 atque
232 1905 274 1964 ita
293 1903 424 1965 chartam
443 1904 589 1982 virginem
607 1901 714 1963 inlines
735 1910 765 1963 et
784 1902 906 1964 renibus
921 1903 1062 1988 adpones,
1083 1926 1141 1987 quo

124 1992 318 2055 medicamine
338 1992 443 2054 diebus
463 1999 578 2071 septem
596 1993 706 2070 iugiter
724 2010 797 2052 usus
817 2010 906 2053 sanus
925 1993 1053 2054 firmiter
1072 1998 1139 2058 eris.
1152 2006 1175 2046 ²⁰

72 2092 122 2143 132
212 2081 257 2142 td
279 2081 483 2143 renieulorum
506 2081 639 2142 dolorem
658 2079 838 2162 observabis,
861 2089 895 2142 ut
913 2089 981 2159 post
999 2081 1138 2145 balneum

123 2189 244 2250 poscam
268 2170 392 2231 calidam
415 2170 500 2231 bibas
523 2188 577 2248 per
600 2169 702 2248 plures
726 2170 799 2250 dies,
822 2177 852 2230 et
875 2171 1014 2248 quotiens
1037 2171 1139 2233 dolore

123 2257 330 2336 interpellatus
353 2259 456 2339 fueris,
478 2258 558 2317 idem
581 2257 680 2318 iacies.

70 2357 120 2407 133
211 2345 370 2406 Conditum
397 2346 434 2405 ad
461 2344 665 2405 renieulorum
692 2344 824 2405 dolorem
853 2346 898 2407 vel
925 2347 961 2407 ad
990 2348 1138 2411 calculum

122 2435 179 2494 sic:
204 2431 371 2519 Saxifragae
397 2465 435 2477 -
457 2431 484 2513 l,
507 2434 672 2492 vettonicae
696 2466 738 2475 -
758 2433 784 2512 l,
812 2435 986 2512 petroselini
1008 2469 1053 2479 -
1072 2438 1086 2498 1
1107 2438 1135 2520 S,
1149 2449 1172 2490 2⁵

122 2522 182 2600 apii
205 2521 326 2580 seminis
349 2553 394 2564 -
412 2520 438 2602 l,
462 2527 546 2581 rutae
570 2522 692 2580 seminis
716 2513 756 2607 3·
777 2520 876 2604 XVlll,
901 2526 1014 2603 piperis
1037 2560 1083 2568 —
1102 2527 1136 2609 ll,

120 2611 181 2670 vini
209 2609 314 2687 optimi
341 2607 372 2669 St
400 2608 468 2691 Xll,
495 2608 590 2669 mellis
618 2611 722 2688 optimi
749 2610 782 2674 P.
810 2610 841 2671 V.
888 2612 1007 2674 Tundes
1037 2618 1136 2677 omnia

121 2705 210 2777 atque
243 2696 389 2760 cribrabis
427 2707 456 2761 et
488 2697 654 2780 conditum,
692 2718 761 2760 oum
797 2704 929 2779 exegerit
960 2707 1136 2784 necessitas,

120 2787 211 2848 facies
240 2805 347 2868 eoque,
375 2787 428 2850 ubi
455 2787 658 2849 renieulorum
686 2788 771 2850 dolor
795 2797 847 2850 aut
869 2789 1003 2851 molestia
1028 2792 1136 2854 calculi

121 2876 219 2958 luerit,
243 2879 346 2938 uteris.
1149 2892 1173 2934 oo

67 2977 119 3026 134
210 2965 391 3046 Saxilregam
409 2965 542 3048 herbam,
559 2967 767 3045 petresilinum
785 2966 1016 3050 Macedonicum,
1037 2972 1135 3052 piper,

118 3055 190 3139 mel,
212 3057 327 3117 vinum:
352 3075 388 3117 ex
410 3056 458 3116 bis
481 3055 620 3117 omnibus
643 3057 795 3117 conditum
818 3057 909 3117 facies
933 3065 963 3118 et
985 3057 1135 3120 laboranti

119 3143 266 3205 calculoso
286 3163 340 3224 per
359 3144 490 3223 singulas
509 3147 688 3222 septimanas
707 3147 857 3224 potionem
875 3145 953 3206 lovis
972 3147 1020 3207 die
1038 3149 1133 3211 dabis·

118 3231 307 3294 Confioienda
330 3241 429 3294 autem
451 3234 533 3311 potio
557 3232 604 3293 die
627 3232 704 3293 lovis
726 3232 796 3294 luna
818 3241 917 3295 vetere
941 3238 1006 3297 erit.

207 3445 223 3493 8
242 3439 398 3494 comburat.
504 3443 536 3494 18
555 3439 661 3510 cedria]
680 3439 767 3494 ebria.
868 3445 901 3494 23
920 3441 1007 3514 idem]
1027 3443 1058 3499 id
1077 3448 1130 3502 est.

137 3507 230 3578 aubi]
249 3507 297 3564 ibi.
371 3515 405 3564 30
423 3507 517 3563 nterii.
590 3515 623 3564 33
643 3509 784 3580 septimas.
