2438 3802
511 107 661 172 —298
713 143 749 153 —

69 292 104 340 38
123 287 214 350 snper
237 270 410 331 umbilicum
434 269 595 330 laborantis
618 269 742 349 adpone.
777 267 870 328 Bacas
888 268 965 329 lauri
982 276 1047 328 tres
1066 286 1139 328 cum

121 359 232 421 herbae
255 361 357 420 vincae
382 357 559 419 cocliaribus
582 357 680 420 tribus
702 359 815 438 pariter
833 356 999 418 contundes
1024 364 1055 417 et
1074 355 1139 416 adi·

122 451 184 510 cies
207 450 268 509 vini
291 447 379 509 calidi
402 447 515 526 cyathis
538 445 635 506 tribus
658 455 689 508 et
711 446 841 507 colatum
864 445 1028 507 bibendum
1051 444 1142 505 dabis

69 558 103 607 39
123 541 163 619 ei,
192 540 244 616 qui
267 538 380 597 ventris
402 535 504 594 dolore
528 533 691 597 vexabitur.
732 533 866 613 Corrigia
889 536 993 594 canina
1017 533 1141 595 medius

123 630 259 704 cingatur
282 627 334 702 qui
356 622 468 683 dolebit
490 630 633 704 ventrem,
656 625 755 685 statim
777 622 999 684 remediabitur.
1153 642 1167 684 1

69 735 104 782 40
212 713 320 772 Contra
348 714 460 771 ventris
487 710 619 771 dolorem
651 713 831 791 argimoniae
864 710 974 772 herbae
1002 710 1142 772 radicem

122 801 189 880 palo
212 800 310 878 ligneo
329 800 448 859 effodito
468 818 593 878 eamque
612 802 712 861 tritam
731 819 768 860 ex
785 818 861 879 aqua
880 798 1040 860 bibendam
1058 799 1142 861 dato.

68 909 103 956 41
122 889 277 968 Lychnum
299 889 452 948 ardentem
475 888 616 950 umbilico
639 907 808 968 superpone
832 896 862 949 et
880 888 1010 967 desuper
1030 906 1142 950 cucur-

121 978 214 1038 bitam
233 976 436 1037 medicinalem
455 986 506 1038 ant
524 977 646 1038 calicem
666 977 835 1057 oblongum,
854 979 880 1038 si
898 975 1057 1039 cucurbita
1077 994 1141 1036 non

122 1067 222 1145 suerit,
245 1066 398 1126 admoveto
422 1076 452 1126 et
469 1065 621 1144 paulisper
639 1069 801 1146 contineto,
823 1065 980 1126 confestim
1000 1064 1141 1129 dolorem
1156 1087 1179 1126 10

69 1173 104 1222 42
123 1156 235 1215 ventris
254 1164 377 1215 avertes
409 1153 546 1216 Puleinm
564 1154 841 1215 commanducatum
860 1162 891 1214 et
909 1153 943 1214 ad
959 1152 1143 1216 umbilicum

122 1246 251 1323 positum
280 1252 369 1323 atque
397 1243 456 1304 illic
482 1243 644 1323 alligatum,
672 1261 709 1302 ne
733 1242 832 1323 cadat,
859 1241 992 1302 dolorem
1015 1259 1143 1304 omnem

69 1351 103 1398 43
123 1334 235 1393 ventris
263 1335 404 1393 continuo
432 1332 563 1393 discutit.
604 1330 712 1391 hnethi
739 1333 863 1391 seminis
887 1328 1042 1409 paululum
1067 1348 1142 1392 con·

69 1439 104 1487 44
123 1423 227 1482 tritum
251 1439 286 1480 011
311 1439 387 1499 aqua
409 1428 513 1499 potum
536 1423 670 1480 internos
688 1421 801 1480 ventris
820 1419 904 1480 sedat
921 1418 1050 1479 dolores.
1086 1418 1140 1480 Ni·

123 1517 204 1570 trum
227 1511 303 1570 aceti
326 1508 439 1588 cyathis
462 1507 578 1568 duobus
602 1507 794 1586 liquefactum
819 1515 850 1568 et
871 1514 976 1586 potum
999 1505 1140 1568 dolorem
1154 1527 1180 1569 11

122 1600 333 1658 intestinorum
355 1604 494 1675 potenter
516 1597 631 1657 avertit.

69 1704 103 1753 45
212 1686 356 1757 Quotiens
375 1685 459 1745 dolor
477 1692 508 1746 et
525 1685 689 1745 contractio
704 1686 915 1745 intestinorum
928 1684 1045 1743 ventris
1060 1686 1142 1745 orie-

122 1784 185 1856 tur,
213 1775 432 1853 vespertilionis
456 1775 598 1852 sanguine
622 1782 725 1833 ventre
748 1791 838 1833 manu
860 1773 1020 1851 perfricato
1045 1780 1077 1833 et
1101 1773 1142 1834 ad

69 1881 103 1932 46
122 1881 264 1941 praesens
288 1862 446 1923 subvenies
470 1871 500 1924 et
522 1865 554 1922 in
573 1870 668 1923 totum
688 1880 798 1922 annum
816 1861 982 1921 medebere.
1017 1859 1141 1940 Piperis

122 1970 213 2030 grana
236 1950 344 2010 LXXX
371 1954 499 2012 contrita
527 1959 558 2012 et
584 1969 621 2011 ex
646 1968 721 2029 aqua
743 1958 813 2028 pota
836 1951 911 2010 mire
934 1947 1043 2009 tollunt
1067 1968 1140 2010 ven-
1155 1969 1181 2010 eo

69 2056 104 2104 41
123 2043 179 2101 tris
206 2041 347 2101 dolorem.
395 2041 427 2101 Si
455 2042 504 2102 cui
531 2042 563 2101 in
590 2041 636 2100 via
663 2047 714 2100 aut
741 2041 771 2098 in
799 2038 864 2099 loco
892 2037 990 2117 aliquo
1020 2037 1142 2099 difficili

124 2129 241 2191 subitus
269 2128 354 2188 dolor
382 2131 495 2189 ventris
522 2137 574 2189 aut
600 2130 810 2189 intestinorum
839 2126 942 2207 luerit,
973 2126 1047 2186 lotio
1081 2146 1140 2188 suo

70 2233 104 2281 48
123 2218 277 2295 degustato
302 2219 443 2277 continno
462 2215 622 2276 sanabitur.
656 2215 686 2275 Si
706 2217 772 2294 quis
791 2214 883 2277 talum
900 2214 1012 2294 leporis
1030 2232 1141 2277 secum

123 2305 273 2384 babuerit,
301 2306 432 2364 inmunis
455 2323 472 2363 a
495 2303 596 2363 dolore
619 2305 731 2363 ventris
754 2311 784 2363 et
807 2303 940 2382 periculo
962 2304 1141 2366 huiusmodi

122 2400 268 2470 perpetuo
290 2391 485 2468 permanebit.
1153 2411 1180 2451 es

70 2495 104 2544 49
211 2479 255 2538 Ad
279 2480 419 2539 intestina
439 2485 525 2556 rupta
544 2477 712 2556 leporinum
731 2485 848 2539 stercus
867 2489 955 2560 atque
973 2481 1064 2540 etiam
1082 2481 1139 2560 pili

124 2567 170 2627 vel
192 2567 258 2627 lana
281 2569 346 2627 eius
369 2567 405 2626 de
427 2566 603 2628 subventrili
625 2584 693 2627 cum
718 2566 803 2626 melle
823 2568 944 2629 decocta
967 2568 1003 2628 ad
1022 2572 1138 2649 magni·

123 2655 256 2717 tudinem
280 2654 363 2717 labae
386 2655 550 2735 gluttienda
578 2656 751 2735 frequenter
779 2656 846 2717 data
874 2658 1007 2736 quamvis
1034 2660 1137 2736 pemi-

124 2747 203 2806 ciose
222 2747 319 2826 ruptis
338 2747 487 2806 intestinis
506 2745 644 2806 celeriter
663 2743 808 2826 medetur,
829 2748 869 2806 ita
889 2753 922 2806 ut
941 2747 1030 2806 etiam
1048 2754 1137 2808 tenu·

123 2837 200 2909 iore,
234 2854 309 2914 quae
342 2835 455 2895 luerint
487 2835 635 2916 disrupta,
667 2833 806 2915 glutinet,
839 2834 891 2894 sed
921 2833 1044 2894 adsidue
1077 2835 1178 2897 hoceo

123 2925 317 2985 medicamine
341 2924 485 2985 utendum
509 2931 563 3004 est,
587 2924 681 2984 donec
704 2922 870 3001 periculum
893 2941 980 2983 omne
1003 2922 1137 2985 tollatur.

71 3027 105 3077 50
212 3013 406 3074 tuentum
434 3015 561 3072 mirum
589 3011 792 3072 remedium.
839 3010 909 3070 Colo
937 3011 1137 3074 etomnibus

123 3103 333 3162 intestinorum
361 3101 513 3162 doloribus
541 3108 571 3161 et
597 3109 658 3161 tam
684 3097 856 3160 hominibus
881 3117 970 3178 quam
992 3101 1137 3162 iumentis

124 3208 159 3249 011
182 3190 237 3250 bac
261 3209 293 3250 re
316 3189 520 3250 laborantibus
544 3189 747 3248 efficacissime
766 3186 904 3249 subvenit
922 3189 984 3247 avis
1002 3187 1137 3271 galerita,

214 3331 228 3379 ‘1
248 3323 379 3378 bibenda.
444 3329 477 3377 11
496 3322 618 3392 poleium
637 3322 907 3379 cummendueeium.
969 3327 1137 3392 18100101-

123 3393 251 3450 tillionis.
312 3400 344 3448 19
364 3394 485 3449 medere·
544 3399 578 3448 27
598 3390 800 3464 magnitudine.
855 3397 889 3447 32
909 3392 1137 3448 0010010ωηί-

123 3465 187 3536 bus]
207 3466 285 3520 Hinc
302 3466 403 3535 inmpit
421 3465 497 3534 apud
516 3463 680 3519 Oorcariom
698 3479 757 3534 cup.
776 3463 916 3520 XXVIIII.
