2438 3802
511 143 752 208 -192-

125 304 170 364 vel
200 323 288 384 quam
317 323 419 366 zonam
443 313 549 367 vocant
576 305 652 366 bene
682 306 752 367 lacit
780 305 846 366 data
876 324 912 364 ex
941 322 1016 383 aqua
1043 305 1139 366 mulsa

124 393 257 455 detracto
285 395 370 474 prius
399 397 556 474 sanguine,
582 396 608 454 si
635 413 685 456 res
708 393 915 475 postulaverit,
944 393 1023 472 quod
1054 403 1086 455 et
1109 397 1139 456 iu

124 483 263 544 omnibus
281 483 347 544 aliis
366 485 446 545 vitiis
465 502 555 562 supra
575 483 663 544 dictis
678 482 845 544 laciendum
860 492 919 563 est3
941 484 1040 542 omnia
1059 485 1139 543 euim

123 572 230 633 auxilia
260 571 426 633 adhibenda
454 580 536 652 sunt,
564 590 640 651 quae
668 590 704 632 ex
732 589 789 633 usu
817 571 959 650 prodesse
986 579 1139 650 comperta

122 660 276 741 babemus,
303 663 371 739 quia
395 660 495 720 adiuta
518 660 667 721 antidotus
691 660 838 721 faciliores
861 657 982 720 babebit
1005 659 1161 720 effectuss

71 763 103 812 13
212 749 330 827 Recipit
344 767 415 827 ergo
429 748 515 810 baec:
535 747 772 830 Chamaedropis,
792 767 867 829 quae
881 747 973 808 herba
989 747 1140 809 simillima

124 855 237 917 quercu
266 835 335 897 lolia
363 837 465 917 babet,
499 839 622 918 agarici,
655 839 828 900 cucurbitae
856 836 1015 917 silvestris,
1050 855 1139 916 quam

126 924 362 1004 colocynthidam
390 925 550 1007 appellant,
578 927 758 1010 stoechadis,
786 925 971 1004 singulorum
998 925 1139 986 denarios

124 1015 225 1094 denos,
245 1017 431 1095 opopanacis,
451 1017 600 1097 sagapeui,
618 1016 801 1096 petroselini,
819 1022 916 1075 terrae
931 1013 1009 1095 mali,
1024 1015 1139 1093 piperis

123 1103 194 1184 albi,
222 1102 407 1182 singulorum
431 1103 568 1165 denarios
596 1106 717 1184 quinos,
744 1105 887 1184 cinnami,
915 1102 1000 1163 nardi
1029 1104 1139 1184 spicae,
1152 1119 1173 1160 n

122 1210 254 1272 myrrae,
281 1191 357 1274 lolii,
387 1194 481 1273 croci,
509 1194 694 1273 singulorum
722 1193 859 1254 denarios
888 1198 1058 1271 quaternos,
1105 1191 1139 1251 In

122 1299 215 1342 uuum
234 1283 333 1342 omnia
352 1281 509 1362 diligenter
527 1282 689 1362 ponderata
711 1281 937 1343 contunduntur
956 1288 986 1340 et
1004 1279 1139 1340 cribran-

122 1378 172 1430 tur
200 1378 318 1449 praeter
346 1389 545 1450 opopanacem
573 1379 602 1432 et
630 1389 810 1450 sagapenum
838 1376 868 1430 et
893 1386 1035 1448 myrram3
1063 1368 1138 1430 haec

122 1461 201 1519 euim
231 1460 373 1519 mortario
401 1462 459 1520 teri
492 1459 601 1520 debent
638 1460 753 1521 adiecto
785 1457 871 1519 melle
900 1459 997 1535 tenui,
1032 1457 1063 1516 id
1092 1467 1138 1519 est

123 1565 210 1626 quam
234 1547 448 1627 liquidissim03
472 1547 578 1608 deinde
606 1551 715 1609 ceteris
743 1550 976 1628 permiscentur,
1003 1564 1078 1624 quae
1108 1556 1138 1606 et
1153 1561 1175 1602 15

121 1638 186 1715 ipsa
209 1637 344 1714 recipere
368 1635 478 1696 debent
502 1643 617 1696 tantum
640 1636 744 1719 mellis,
769 1643 911 1716 quantum
933 1637 1004 1694 satis
1023 1637 1082 1694 erit
1101 1634 1137 1695 ad

121 1724 399 1804 comprehendenda
422 1732 453 1785 et
476 1724 653 1786 continenda
677 1744 710 1786 ea
735 1726 780 1786 vel
804 1723 1042 1802 conglutinanda.
1080 1722 1138 1783 Re·

121 1815 242 1892 ponitur
261 1812 510 1875 medicamentum
530 1832 598 1874 vaso
618 1816 712 1875 vitreo
732 1815 787 1876 sub
807 1812 968 1893 signaculo,
988 1811 1084 1892 datur,
1104 1821 1138 1872 ut

122 1920 211 1980 supra
235 1903 364 1964 diximus
388 1910 418 1964 et
437 1902 685 1982 quemadmodum
705 1903 844 1982 diximus,
864 1919 932 1963 cum
952 1918 1066 1960 summa
1085 1899 1137 1960 ob-

122 1993 288 2052 servatione
316 2010 370 2071 pro
399 1995 544 2072 cuiusque
572 1994 617 2052 rei
644 1994 742 2053 causis
771 1992 817 2054 vel
844 1991 992 2051 mensuris
1017 1987 1063 2048 vel
1086 2006 1137 2049 ne·
1151 2005 1176 2046 ao

121 2080 324 2162 cessitatibus3
347 2089 394 2142 est
417 2099 541 2160 prorsus
565 2100 692 2162 sacrum,
716 2091 750 2142 ut
773 2089 876 2142 auctor
897 2079 1025 2138 nominis
1045 2076 1136 2138 buius

68 2181 102 2230 14
120 2169 284 2248 appellavit.
332 2169 364 2229 Si
396 2169 513 2248 quando
545 2177 645 2230 autem
677 2170 843 2231 efficaciore
878 2166 1059 2227 voluerimus
1092 2168 1138 2227 uti

120 2266 245 2336 propter
262 2256 467 2318 difficultatem
486 2258 650 2319 naturalem
668 2260 807 2319 vitiorum
826 2263 878 2320 aut
896 2273 1053 2316 causarum
1071 2254 1135 2315 diu·

122 2348 305 2424 turnitatem,
329 2353 363 2405 ut
385 2347 411 2404 si
435 2345 564 2406 dandum
588 2348 627 2406 sit
650 2347 771 2407 furiosis
795 2356 846 2408 aut
869 2344 1011 2406 comitiali
1031 2343 1136 2404 morbo

122 2434 269 2510 correptis
286 2431 332 2492 vel
350 2431 519 2494 lumborum
539 2442 718 2512 perpetuum
737 2435 869 2497 dolorem
888 2433 1066 2494 habentibus
1086 2453 1136 2513 po·
1152 2452 1176 2494 aa

122 2520 247 2598 degrave
271 2522 421 2602 cruciatis,
444 2521 617 2582 cucurbitae
641 2522 785 2586 silvestris
808 2526 970 2586 adiciemus
989 2522 1025 2582 ad
1046 2540 1136 2601 supra

121 2608 199 2669 dicta
227 2608 359 2687 pondera
387 2610 524 2671 denarios
552 2610 656 2672 decem
683 2620 713 2673 et
740 2614 918 2693 opopanacis
942 2620 1031 2690 atque
1054 2629 1136 2691 saga-

121 2699 192 2776 peni
215 2699 352 2758 denarios
376 2701 496 2781 quinos3
525 2700 717 2779 quamobrem
747 2710 873 2782 utraque
901 2709 1002 2780 parata
1027 2700 1138 2761 debent

121 2804 187 2848 esse
213 2787 441 2869 medicamenta,
469 2796 515 2869 ut,
544 2808 612 2850 cum
641 2809 716 2870 opus
744 2791 848 2873 suerit,
876 2809 949 2852 usus
978 2791 1136 2869 utriusque

120 2877 151 2936 in
184 2884 325 2957 promptu
358 2880 404 2939 sit.
457 2877 531 2940 lllud
569 2897 639 2940 sane
677 2899 747 2960 prae
781 2883 889 2942 ceteris
923 2878 994 2940 mibi
1029 2878 1134 2939 credas
1149 2898 1176 2940 eo

120 2965 222 3049 velim,
250 2966 320 3027 dum
348 2969 379 3028 iu
407 2967 471 3029 aliis
499 2967 589 3029 rebus
617 2971 681 3050 ipse
710 2972 769 3030 vim
797 2973 862 3031 eius
891 2969 1050 3048 experiris,
1078 2968 1137 3028 boc

120 3055 336 3118 medicamento
369 3075 429 3118 non
457 3056 554 3118 solnm
581 3076 641 3119 non
671 3061 774 3120 noceri
801 3057 999 3138 stomachum,
1032 3075 1137 3118 verum

121 3145 210 3205 etiam
233 3145 317 3205 refici
340 3154 370 3208 et
393 3147 563 3207 confirmari
587 3164 676 3226 supra
700 3149 833 3208 omnium
856 3149 1035 3226 opinionem.

70 3243 103 3292 15
211 3231 469 3313 Medicamentum,
488 3235 567 3314 qnod
587 3237 707 3313 proprie
726 3235 868 3296 adversus
884 3234 1062 3297 solutionem
1077 3244 1136 3297 sto·

109 3477 116 3492 .
212 3444 228 3492 6
248 3437 471 3510 chamaedropis]
491 3440 664 3510 χαμαίδρυος
683 3440 808 3496 Scribere.
864 3441 1134 3514 Scoloeynthidam]

120 3509 315 3562 concurrente
332 3508 459 3565 Scribere.
532 3516 565 3566 31
584 3511 668 3567 rebus
686 3527 736 3568 om.
756 3510 883 3571 Scribon-
