2438 3802
516 147 735 212 ..44-

120 330 177 392 que
201 329 236 372 eo
260 312 481 390 porriginosum
505 318 535 370 et
558 310 728 370 ulcerosum
747 317 836 388 caput
859 316 961 370 contra
985 307 1079 387 pilum
1103 316 1134 369 et

65 414 99 464 31
118 408 221 480 postea
244 399 355 460 lavabis
378 401 410 459 in
429 398 542 460 balneo.
580 397 751 478 Conpositio
776 400 886 478 optima
906 407 936 458 et
955 405 1077 475 experta
1096 397 1132 457 ad

119 491 190 550 vitia
209 489 314 567 capitis
334 489 431 549 omnia
451 504 542 566 supra
561 489 686 566 scripta:
709 486 840 547 Pumicis
858 488 986 566 unciam,
1005 488 1134 546 castorei

121 609 160 621 -
182 577 214 657 V,
238 593 360 656 spumae
379 579 494 654 argenti
515 608 553 619 -
571 575 617 654 vl,
640 578 742 655 cyperi
762 609 803 619 —
818 575 868 655 ΙΙΙ,
891 593 1006 654 myrrae
1029 607 1066 616 —-
1084 574 1134 655 ΙΙΙ,

119 665 302 746 myrobalani
327 694 365 710 -··
386 664 456 744 llll,
479 664 633 744 sulphuris
657 667 715 725 3131
740 663 826 745 -13
849 665 947 724 omnia
970 663 1079 724 tundes
1103 671 1133 724 et
1160 679 1173 719 3

121 754 278 816 cribrabis-
294 762 324 814 et
351 755 507 832 permixtis
538 771 592 832 pro
625 753 798 832 aphronitro
831 754 862 812 in
892 752 998 812 balneo
1031 754 1134 812 uteris.

67 857 101 906 32
120 844 223 922 Adipis
248 844 357 903 veteris
381 841 484 903 suillae
507 841 538 902 P.
558 841 571 902 Ι
594 849 624 902 31
647 843 723 920 picis
746 842 863 902 cedriae
887 841 918 902 P.
940 841 952 901 Ι
979 842 1048 920 igne
1076 841 1134 901 dis·

121 931 230 1011 solves,
259 938 322 992 tum
351 930 503 1009 staphidos
532 933 630 1010 agriae
658 938 764 992 tunsae
792 932 910 992 unciam
938 927 1077 990 miscebis
1106 938 1135 990 et

121 1028 189 1080 ante
212 1020 315 1080 horam
335 1037 424 1099 quam
443 1019 479 1080 ad
497 1017 637 1081 balneum
655 1019 742 1080 radas
766 1022 806 1080 ita
829 1026 919 1098 caput
942 1020 1021 1079 vitiis
1045 1035 1135 1097 supra

122 1111 242 1188 scriptis
264 1107 402 1168 laborans
426 1115 530 1169 contra
552 1107 646 1188 pilum
670 1107 804 1189 fricabis,
827 1115 862 1169 ut
889 1106 1017 1167 insideat
1043 1106 1134 1167 medi·
1148 1121 1176 1161 10

122 1205 300 1278 ramentum,
324 1196 402 1276 quod
427 1215 488 1257 non
511 1205 579 1258 ante
603 1196 699 1257 dilues
722 1215 812 1276 quem
835 1195 871 1256 ad
895 1195 1002 1256 solium
1024 1197 1134 1255 venias.

123 1286 155 1347 Si
169 1293 269 1348 autem
288 1286 476 1346 medicamini
494 1285 565 1346 huic
584 1285 729 1346 adieceris
744 1285 841 1346 ladani
856 1284 1028 1364 scripulum,
1046 1284 1135 1363 capil-

68 1388 102 1438 33
121 1375 183 1436 lum
207 1377 322 1436 nutries
345 1374 557 1454 pulchriorem.
591 1373 736 1435 Furlures
757 1377 862 1454 capitis
885 1372 1137 1454 extenuabuntur,

122 1466 149 1525 si
175 1472 309 1525 stercore
336 1465 456 1524 murino
488 1463 646 1540 liquefacto
679 1465 710 1523 in
743 1471 827 1524 aceto
855 1471 945 1542 caput
971 1464 1001 1522 in
1030 1461 1136 1522 balneo

68 1565 103 1614 34
121 1554 326 1632 periricuerls.
370 1551 456 1611 Lotio
490 1553 607 1611 taurino
635 1559 725 1630 caput
753 1553 780 1612 si
806 1551 926 1631 laveris,
953 1552 1136 1630 porriginem
1152 1564 1177 1605 1⁶

68 1653 102 1702 33
121 1643 355 1701 vetustissimam
377 1639 462 1699 tollit.
499 1636 651 1699 Vetustam
675 1642 857 1719 porriginem
876 1641 951 1700 mire
971 1639 1092 1721 adimes,
1113 1642 1137 1700 si

121 1728 231 1789 herbae
255 1727 439 1806 cyclaminis,
466 1726 496 1787 ld
520 1733 566 1787 est
588 1726 779 1808 orbicularis,
809 1747 881 1789 suco
910 1727 1064 1807 sulphuris
1088 1728 1137 1789 ali-

123 1824 265 1895 quantum
289 1817 446 1875 miscueris
470 1815 563 1875 31131
586 1817 748 1877 serotinum
779 1824 868 1897 atque
896 1817 965 1877 inde
994 1825 1084 1896 caput
1106 1819 1138 1877 in

69 1918 102 1968 33
122 1904 227 1965 balneo
251 1904 327 1964 bene
350 1903 535 1983 perfricabis.
573 1903 679 1966 Ulcera
702 1907 808 1984 capitis
829 1905 927 1967 subito
947 1913 1014 1966 nata
1033 1923 1137 1967 sanan·

121 2003 185 2073 tur,
214 1995 240 2054 si
267 1995 344 2053 asini
371 1995 514 2054 stercoris
542 2011 614 2054 succ
642 2003 673 2054 31
700 1994 799 2055 3311133
823 1996 968 2055 contritae
993 2002 1137 2073 quantum
1152 2009 1178 2050 33

123 2085 196 2144 satis
214 2077 364 2144 videbitur
383 2090 413 2143 31
431 2081 561 2143 bubulae
578 2083 673 2161 adipis
687 2083 861 2144 tantundem
877 2085 1033 2143 miscueris
1048 2090 1137 2161 atque

69 2183 103 2232 33
124 2173 159 2232 ad
184 2174 290 2252 capitis
313 2171 416 2232 ulcera
440 2170 530 2231 veluti
553 2180 655 2232 ceroto
679 2190 752 2232 usus
775 2172 877 2232 lucris.
915 2170 968 2232 Fel
987 2172 1136 2232 taurinum

122 2263 248 2320 mixtum
272 2278 341 2320 curn
365 2261 444 2319 nitro
468 2267 498 2319 et
521 2261 588 2319 vinc
612 2267 641 2318 31
664 2259 738 2340 oleo,
763 2261 841 2339 quod
866 2261 938 2320 satis
961 2263 1013 2341 sit,
1037 2259 1136 2320 ulcera

69 2359 103 2408 38
123 2350 229 2426 capitis
257 2347 304 2408 vel
331 2348 547 2407 fervescentem
575 2345 705 2406 scabiem
733 2355 824 2410 sanat.
870 2347 976 2409 Ulcera
1005 2351 1136 2409 recentia

123 2444 153 2495 et
177 2438 315 2495 universa
334 2437 404 2495 vitia
424 2434 557 2495 ulcerum
581 2437 612 2494 in
635 2437 732 2514 capite
756 2445 860 2498 sanant
884 2455 1008 2517 vermes,
1031 2439 1083 2517 qui
1105 2439 1136 2497 in
1151 2452 1178 2493 33

123 2522 229 2583 arbore
253 2541 323 2584 3333
346 2522 392 2582 331
414 2523 534 2601 putrida
563 2533 740 2603 nascuntur,
768 2527 832 2586 triti
860 2535 890 2587 31
917 2528 948 2586 13
972 2544 1069 2605 panno
1093 2528 1135 2586 in-

123 2613 222 2690 positi.
264 2610 357 2671 lidem
380 2629 495 2671 vermes
519 2610 658 2672 conbusti
686 2621 716 2673 et
744 2632 812 2674 cum
836 2615 944 2675 anetho
968 2617 1048 2674 sicco
1071 2617 1136 2692 pari

69 2700 254 2779 supendere
277 2702 342 2761 triti
365 2706 396 2760 et
418 2701 540 2778 inpositi
563 2707 668 2760 sanant
691 2703 780 2762 etiam
805 2707 1011 2764 carcinomata.
1053 2701 1135 2762 lnula

121 2792 152 2849 in
178 2788 243 2849 oleo
267 2789 398 2849 discocta
422 2796 452 2849 et
475 2790 603 2849 contrita
627 2797 657 2849 31
679 2808 747 2850 cum
767 2790 874 2871 butyro
894 2791 981 2852 ovillo
1001 2798 1031 2851 31
1048 2790 1134 2851 melle

121 2880 250 2958 inposita
269 2877 409 2939 cacoethe
430 2876 583 2957 [maligna]
603 2878 753 2960 emendat3
773 2880 875 2942 eadem
895 2883 1010 2942 ratione
1030 2899 1135 2940 curan·
1150 2896 1180 2936 ao

122 2976 172 3029 tur
191 2975 221 3028 et
239 2967 355 3048 tubera,
377 2967 429 3028 sed
448 2966 521 3028 haec
542 2969 604 3027 vice
625 2968 777 3047 emplastri
795 2987 893 3048 panno
913 2969 1000 3029 inlini
1019 2969 1136 3029 debent.

68 3068 103 3116 40
122 3055 245 3117 Vermes
266 3057 418 3118 ulceribus
437 3059 542 3136 capitis
561 3056 607 3116 vel
626 3056 864 3134 quibuscumque
883 3059 977 3117 innati
996 3076 1136 3119 ranarum

121 3144 189 3205 13113
213 3145 371 3227 131133133;
400 3164 433 3206 33
462 3163 545 3224 vero,
574 3162 648 3222 quae
676 3146 857 3205 intrinsecus
881 3152 1019 3226 serpunt,
1049 3147 1136 3207 salsa-

123 3242 222 3294 mento
246 3242 347 3294 vetere
371 3243 459 3294 tunso
484 3235 515 3292 in
538 3235 632 3292 vicem
656 3232 808 3307 emplastri
831 3235 960 3312 inposito
984 3243 1135 3294 sanantur.

67 3330 101 3379 41
121 3320 214 3382 Radix
232 3324 356 3400 peponis
375 3322 503 3381 contrita
522 3327 552 3380 31
571 3320 704 3398 adposita
724 3330 807 3382 sanat
821 3321 930 3403 ulcera,
951 3340 1025 3401 quae
1045 3323 1136 3399 capiti
1150 3337 1180 3377 33

68 3418 103 3467 42
123 3410 153 3467 in
182 3410 302 3470 modum
331 3409 387 3468 1331
415 3417 620 3468 concrescunt.
664 3408 771 3470 Semen
800 3411 894 3471 331331
918 3412 1022 3471 tritum
1046 3416 1076 3468 et
1099 3427 1133 3467 ex

68 3505 103 3556 43
122 3513 198 3573 aqua
234 3497 401 3575 adpositum
434 3499 514 3556 sistit
541 3498 638 3556 omnia
666 3497 775 3560 ulcera.
821 3498 946 3560 Porrum
974 3498 1135 3577 capitatum
