2438 3802
489 148 644 213 -·123
691 184 732 193 —

100 313 204 389 nigrae
228 310 337 371 radicis
361 329 466 371 sucum
490 309 536 370 vel
560 310 693 370 eiusdem
717 309 856 370 loliorum
880 328 984 370 sucum
1009 310 1116 372 xtttl.

100 398 208 460 Omnia
232 401 302 460 trita
324 401 355 459 in
379 417 472 460 unum
496 409 735 477 consparguntur
759 407 789 458 et
812 408 1067 477 concorporantur
1088 409 1118 461 et

100 487 190 549 melle
209 487 390 566 colliguntur
409 496 497 566 atque
517 491 566 566 ita,
585 496 727 565 utsupra
747 488 963 566 scriptumest,
984 488 1118 549 conlecta

100 575 236 637 maxillae
260 576 295 636 ad
321 576 483 637 sedandum
508 576 641 636 dolorem
664 576 797 636 dentium
826 584 856 635 et
879 577 1063 653 gingivarum
1087 587 1118 636 et

73 667 272 744 sgeusiarum
296 665 483 726 adhibentur.
530 665 668 726 Dentium
692 664 825 724 dolorem
852 663 975 743 sedabit,
1000 665 1025 723 si
1049 666 1116 742 quis
1135 676 1169 724 2ο

98 772 223 834 gramen
250 756 387 814 masticet
413 756 560 832 patienter
592 763 622 814 et
649 755 680 813 in
708 753 819 813 doloris
845 752 943 813 locum
971 751 1115 813 conlocet.

99 842 195 904 Cavos
218 843 322 903 dentes
346 844 421 902 cinis
444 844 556 903 murini
578 843 639 902 fimi
663 844 810 920 inpositos
830 851 913 901 sanat
931 849 961 902 et
983 840 1115 921 supplet,
1136 854 1169 902 21

99 931 243 992 dicuntur
266 931 371 991 dentes
394 933 422 991 ei
443 949 502 991 non
522 941 696 1010 putrescere
715 949 770 991 nec
789 930 935 1010 vacillare,
959 933 1011 1010 qui
1030 949 1115 991 mane

98 1022 220 1080 ieiunus
239 1018 413 1098 sublingua
433 1019 523 1080 salem
543 1019 665 1080 adsidue
684 1021 876 1081 continuerit.
904 1019 1028 1080 Dentem
1047 1037 1115 1080 oum
1135 1031 1168 1078 22

56 1128 86 1168 ιο
100 1107 231 1187 dolebis,
258 1110 285 1168 si
312 1110 392 1169 circa
420 1127 488 1169 eum
517 1110 633 1187 gingiva
657 1107 846 1187 suppurabit,
875 1106 1061 1184 scalpellabis
1087 1117 1117 1167 et

99 1196 212 1258 herbae
226 1196 384 1257 mileloliae
399 1197 515 1258 radices
529 1205 647 1257 teneras
666 1195 913 1271 commasticabis,
932 1204 995 1255 tum
1011 1214 1116 1256 sucum

99 1287 166 1346 eius
189 1287 221 1346 in
244 1304 278 1346 ea
302 1293 400 1365 parte,
428 1288 459 1346 in
488 1305 546 1365 qua
570 1286 644 1346 dens
667 1284 758 1364 dolet,
787 1283 911 1344 tenebis.
957 1283 1116 1362 Papaveris
1135 1295 1169 1343 23

99 1392 207 1434 sucum
229 1376 335 1435 tritum
359 1393 427 1435 cum
450 1374 525 1435 lacte
549 1373 688 1434 muliebri
711 1373 793 1432 denti
812 1373 947 1432 causario
966 1371 1116 1451 infundes,

99 1464 201 1523 statim
219 1463 361 1542 proderit.
395 1462 522 1524 Carmen
540 1463 576 1522 ad
596 1463 730 1522 dentium
749 1461 881 1522 dolorem
900 1459 1060 1520 mirificum
1079 1459 1115 1520 de
1135 1471 1169 1519 24

55 1569 85 1610 15
100 1553 313 1631 experimento.
353 1550 436 1612 Luna
464 1552 656 1612 decrescente
681 1551 729 1611 die
752 1549 855 1610 Martis
881 1551 943 1609 sive
967 1548 1014 1609 die
1038 1547 1115 1607 loris

99 1640 174 1700 baec
197 1640 287 1700 verba
315 1640 397 1701 dices
425 1642 549 1720 septies:
583 1639 723 1718 drgidam
751 1639 913 1717 margidam
942 1636 1113 1715 storgidam.

99 1727 240 1789 Dolorem
252 1748 383 1809 rumpes,
396 1748 464 1790 cum
479 1729 621 1790 calciatus
636 1729 692 1789 sub
708 1729 774 1789 divo
790 1746 879 1806 supra
895 1735 1005 1787 terram
1020 1727 1115 1785 vivam

100 1825 183 1878 stans
207 1826 297 1897 caput
320 1837 408 1878 ranae
432 1818 638 1898 adprehendes
662 1825 692 1878 et
718 1835 752 1876 os
776 1817 893 1895 aperies
912 1823 943 1874 et
962 1832 1052 1893 spues
1071 1816 1114 1874 in·

99 1913 147 1966 tra
174 1925 208 1966 os
236 1909 301 1967 eius
330 1915 359 1967 et
387 1907 506 1985 rogabis
534 1925 613 1986 eam,
640 1914 674 1966 ut
703 1905 837 1965 dentium
866 1903 984 1963 dolores
1013 1921 1115 1964 secum

56 2012 85 2053 ao
98 1995 185 2075 ferat,
208 2003 239 2056 et
257 2003 321 2056 tum
340 1997 434 2055 vivam
456 1995 589 2055 dimittes
608 2002 639 2054 et
656 1993 713 2054 hoc
733 1993 780 2053 die
800 1993 878 2052 bono
898 1991 1019 2052 elbora
1038 1991 1116 2051 bona

99 2083 199 2144 facies.
241 2083 428 2145 vermiculus
456 2085 487 2143 in
516 2082 644 2143 cardone
665 2080 765 2157 ,herba
793 2083 931 2140 inventus
959 2080 1115 2158 phoenicio
1136 2090 1168 2138 25

98 2171 239 2252 inligatus
254 2172 389 2251 colloque
403 2190 568 2251 suspensus
582 2171 678 2231 dolori
691 2171 825 2231 dentium
837 2169 982 2229 medetur.
1002 2167 1114 2227 Cucur·
1135 2179 1168 2228 26

99 2259 179 2322 bitae
199 2263 308 2322 sativae
327 2272 429 2322 coctae
449 2279 540 2322 sucus
558 2263 589 2320 in
608 2259 700 2320 linteo
714 2275 874 2339 expressus
894 2266 924 2318 et
938 2259 969 2316 in
984 2274 1036 2316 ore
1052 2265 1113 2316 ten-

99 2357 150 2410 tus
178 2358 209 2410 el
237 2349 370 2410 dolorem
397 2349 514 2410 iubibet
541 2350 676 2409 dentium
706 2358 737 2408 et
766 2354 886 2408 coercet
913 2344 1115 2406 mobilitatem.

57 2453 85 2495 ss
100 2437 227 2498 Acetum
249 2439 383 2516 tepidum
407 2437 575 2498 scilliticum
599 2439 630 2498 in
654 2455 706 2497 ore
729 2443 845 2497 tentum
870 2443 900 2495 et
919 2436 1051 2513 gingivas
1070 2443 1116 2494 tu·
1135 2445 1169 2494 27

99 2533 217 2585 mentes
240 2528 418 2603 constringit
448 2535 478 2585 et
500 2528 634 2586 continet
661 2526 766 2585 dentes
789 2523 968 2584 vacillantes.
1015 2522 1115 2600 Capri·
1136 2534 1169 2582 28

99 2613 150 2672 fici
173 2612 256 2672 radix
280 2615 348 2673 vino
372 2614 495 2672 decocta
518 2616 649 2691 tritaque
672 2611 807 2672 maxillae
830 2613 985 2689 inponitur
1008 2629 1042 2670 ac
1066 2610 1116 2669 de·

100 2717 192 2777 super
215 2699 324 2778 ligatur
347 2708 377 2760 et
400 2699 473 2760 illud
497 2703 599 2760 vinum
622 2703 654 2759 in
674 2718 726 2759 ore
745 2698 797 2758 diu
815 2706 944 2776 tenetur,
967 2697 1051 2757 valde
1070 2715 1117 2756 re·

100 2787 198 2848 medio
214 2796 260 2848 est
274 2787 423 2848 dentibus.
453 2786 608 2848 Ruborum
627 2804 729 2864 cymae
748 2793 869 2845 tenerae
884 2804 919 2845 ex
936 2786 1002 2843 vino
1017 2791 1116 2844 vetere
1135 2795 1169 2843 22

56 2895 87 2936 ao
101 2884 249 2938 cocuntur
272 2885 302 2937 et
325 2877 355 2936 id
379 2878 481 2936 vinum
504 2875 624 2952 saepius
642 2891 695 2932 ore
714 2874 894 2950 continetur,
917 2870 1069 2930 interdum
1088 2879 1118 2930 et

100 2965 305 3045 gargalizatur,
329 2963 409 3043 quod
433 2963 533 3022 statim
557 2962 692 3039 gingivis,
715 2976 790 3019 uvae
814 2966 844 3018 et
867 2956 1007 3018 dentibus
1028 2957 1116 3035 prod·

100 3063 156 3115 est.
191 3052 449 3133 Quinquelolium,
472 3052 504 3110 in
527 3067 586 3128 quo
610 3048 692 3126 lraga
715 3055 892 3126 nascuntur,
916 3043 1058 3105 colluitur
1081 3063 1117 3105 ex
1136 3057 1170 3106 30

100 3160 178 3221 aqua
197 3144 319 3224 marina,
334 3140 440 3202 deinde
455 3139 492 3200 ad
507 3139 611 3200 tertias
630 3135 808 3214 decoquitur
827 3151 863 3193 ex
881 3135 949 3192 vino
969 3141 1020 3194 aut
1033 3141 1117 3194 aceto

99 3231 192 3310 idque
216 3233 247 3291 in
266 3249 317 3291 ore
337 3230 451 3291 diutius
470 3230 654 3308 continetur3
674 3226 763 3286 etiam
783 3229 905 3283 exustae
924 3222 989 3281 eius
1007 3221 1117 3283 herbae

172 3365 338 3420 lmaxillis.
402 3371 435 3419 13
455 3381 552 3420 sucum
571 3381 621 3420 om.
679 3357 815 3416 cauterio.
871 3362 904 3414 ii
923 3375 1035 3429 rumpes
1055 3375 1118 3412 cum

99 3438 214 3506 scripsi.-
232 3453 330 3506 rumpe
348 3453 411 3491 rum
425 3437 482 3491 cod.
496 3453 609 3517 rumpes
628 3433 714 3489 etiam
734 3431 759 3485 si
779 3431 940 3486 Carnarius.
1006 3435 1046 3514 te·
1058 3428 1118 3485 eius

100 3509 166 3565 odd.
185 3513 360 3564 antemnae.
429 3513 465 3591 ²¹.
481 3505 607 3576 fynioo.
661 3508 696 3560 24
714 3502 856 3560 cohercet.
921 3506 960 3558 ‘tn
976 3502 1131 3557 sontum.
