2438 3802
531 149 687 214 -220
734 186 771 196 -

148 313 362 374 schoenoanthi
381 310 461 392 drag.
480 312 543 393 IIII,
562 314 678 373 resinae
697 310 915 372 terebinthinae
935 306 1014 388 drap.
1034 309 1162 392 XLVIII,

147 402 317 482 nardomyri
332 399 411 480 drag.
426 401 540 480 LXIIII,
560 420 595 462 ex
615 420 674 480 quo
694 409 828 461 cerotum
848 400 938 459 133133
959 399 1084 460 adiectis
1105 399 1163 459 olai

147 493 226 552 rosei
254 492 333 570 drag.
352 491 454 571 LXVI,
482 508 568 550 cerae
591 489 731 550 Ponticae
755 486 836 566 drag.
856 486 1012 569 CXXVIII,
1041 487 1162 566 opobal-

147 583 221 640 sami
244 579 324 658 (1133
344 579 416 639 XVI.
452 578 531 638 Haec
555 580 653 639 omnia
671 587 757 639 tunsa
778 577 906 637 cribrata
925 585 955 636 at
973 584 1074 636 cetera
1093 578 1162 636 rino

147 671 258 746 optimo
286 668 447 728 madefacta
476 666 565 727 simul
592 669 624 726 in
652 668 792 727 mortario
821 665 954 744 colligaS,
984 683 1021 724 ex
1049 663 1188 743 quibuse

146 755 632 837 11331113313313381311311331,
660 762 762 816 ceroto
790 773 860 814 3313
888 755 965 813 13313
993 753 1040 813 331
1064 753 1162 834 pulvis

147 862 237 922 supra
261 846 391 922 scriptus
415 844 616 904 33113313313
639 846 812 904 miscentur.

560 1037 640 1101 ula.
663 1036 741 1098 XXI.

208 1149 325 1204 cordis
347 1149 457 1205 dolori
480 1152 637 1205 3133133
662 1153 697 1203 31
719 1148 927 1217 praecordiis
951 1147 1105 1203 remedia

297 1239 511 1295 rationabilia
534 1238 668 1293 diversa
692 1238 734 1292 de
758 1237 1009 1305 experimentis.

96 1386 127 1433 .1
235 1372 482 1435 Praecordiorum
502 1374 633 1434 dolorem
653 1372 743 1433 catuli
757 1371 900 1432 lactantes
915 1370 1027 1432 admoti
1040 1373 1160 1432 visceri·

146 1459 203 1520 bus
226 1461 363 1522 humanis
386 1463 549 1522 transferre
573 1465 604 1522 in
626 1481 658 1522 se
680 1461 860 1522 adseruntur
879 1460 969 1539 idque
988 1461 1161 1521 exinteratis

145 1550 336 1629 perfusisque
364 1553 432 1610 vino
462 1550 696 1628 deprehenditur
724 1551 833 1610 vitiatis
856 1567 961 1608 eorum
984 1548 1199 1610 visceribus.1o

111 1651 126 1698 2
235 1637 278 1696 Ad
302 1656 423 1698 corcum
447 1657 575 1698 carmen.
608 1638 642 1698 In
665 1638 780 1698 lamella
799 1645 920 1715 stagnea
941 1637 1056 1698 scribes
1076 1645 1106 1698 31
1125 1638 1161 1698 ad

148 1725 256 1786 collum
280 1726 445 1805 suspendes
468 1727 555 1787 hacc:
578 1728 654 1787 Ante
678 1745 751 1786 3333
775 1745 865 1787 33133
890 1743 945 1785 333
964 1728 1074 1805 megito
1094 1744 1161 1786 333-

145 1823 242 1874 torem
270 1823 304 1874 31
332 1834 366 1875 33
393 1824 428 1876 31
456 1834 489 1875 33
518 1824 551 1875 31
579 1834 625 1892 33;
658 1815 840 1895 praeparabo
871 1813 927 1874 tibi
953 1816 1056 1874 313331
1088 1814 1162 1895 1333,

145 1901 309 1984 libidinem,
325 1904 444 1965 discede
464 1905 614 1983 anonnita,
633 1906 664 1964 in
683 1906 803 1964 nomine
820 1903 870 1963 dei
883 1902 979 1983 Iacob,
994 1905 1025 1962 in
1040 1905 1161 1964 nomine

111 2003 127 2052 3
147 1991 195 2050 dei
210 1991 347 2053 Sabaoth.
371 1993 445 2053 Item
460 1993 540 2054 adid
556 1993 634 2054 aliud
650 2011 782 2054 carmen:
797 1991 891 2052 Corce
907 1991 1033 2051 corcedo
1048 1999 1161 2074 stagna,
1175 2013 1198 2053 3

146 2088 282 2157 pastores
300 2090 330 2143 13
350 2085 536 2161 1333331331,
556 2084 619 2142 3133
637 2081 775 2142 manibus
794 2079 986 2159 collegerunt,
1010 2081 1075 2140 sine
1094 2080 1160 2141 loco

146 2178 299 2249 coxerunt,
319 2173 383 2230 sine
403 2170 542 2230 dentibus
557 2171 758 2231 comederunt.
784 2168 858 2228 ’1133
873 2170 1002 2247 virgines
1016 2170 1047 2228 in
1063 2169 1161 2229 medio

145 2260 221 2316 mari
243 2275 375 2317 mensam
400 2276 596 2317 marmoream
614 2261 740 2338 positam
763 2257 920 2337 habehant,
943 2257 1018 2316 duae
1039 2264 1161 2336 torque-

146 2343 218 2402 bant
241 2353 270 2403 et
293 2363 352 2404 una
375 2345 582 2424 retorquebat3
610 2346 758 2424 quomodo
781 2345 838 2405 hoc
862 2363 1024 2424 numquam
1048 2345 1161 2406 1331331

146 2439 200 2509 331,
224 2434 267 2491 313
290 2450 452 2509 numquam
476 2434 550 2492 33131
572 2432 621 2493 1113
645 2433 715 2493 Gaia
739 2432 805 2493 Seia
829 2436 910 2494 corci
933 2433 1074 2494 dolorem.
1174 2456 1200 2496 13

109 2533 127 2580 4
234 2519 277 2578 Ad
297 2519 396 2579 cordis
415 2519 547 2579 dolorem
567 2521 613 2580 331
632 2521 668 2581 ad
687 2539 747 2601 eos,
771 2523 822 2600 qui
844 2521 999 2582 lumbricis
1018 2524 1050 2582 in
1069 2522 1160 2583 corda

145 2614 301 2668 vexantur:
338 2607 452 2687 Aquam
480 2607 591 2668 3131333
620 2627 687 2670 3313
716 2608 802 2669 melle
830 2613 896 2689 pari
922 2628 1063 2671 mensura
1091 2627 1160 2687 par·

110 2708 125 2756 5
145 2697 267 2754 mixtam
290 2696 419 2776 tepidam
442 2698 536 2757 ieiuni
558 2696 669 2759 hihant.
707 2698 750 2758 hd
774 2698 873 2759 cordis
897 2698 1029 2758 dolorem
1047 2696 1159 2758 herbae

145 2783 348 2866 erythrodani,
377 2786 407 2846 id
436 2793 481 2846 331
505 2786 597 2847 333113
620 2789 778 2867 purpurei,
809 2787 866 2847 hoc
894 2794 940 2847 331
961 2789 1083 2867 1331131,
1112 2785 1160 2846 331

55 2897 60 2906 ·
144 2872 311 2934 sisimbriae
326 2893 431 2935 sucum
444 2874 480 2934 ad
494 2874 711 2952 plenitudinem
726 2875 888 2937 conchulae
903 2874 1054 2955 oblongae,
1070 2893 1159 2954 quam
1174 2895 1199 2936 11

144 2961 250 3022 Graeci
264 2962 395 3038 tellinen,
414 2962 464 3022 3111
478 2963 612 3025 chemam
629 2983 748 3026 macron
763 2972 877 3044 333331,
892 2982 960 3024 3313
974 2981 1050 3041 aqua
1065 2964 1160 3025 calida

109 3067 237 3130 oprope
260 3059 378 3112 noctem
403 3051 564 3112 dormitum
587 3053 697 3113 vadens
720 3053 810 3113 bibat.
847 3051 940 3112 Pinus
963 3052 1067 3112 viridis
1091 3071 1160 3114 acu-

144 3139 228 3200 culae
253 3141 398 3199 contritae
421 3158 456 3199 311
482 3141 549 3199 3133
569 3143 681 3218 optimo
699 3143 784 3218 potui
803 3141 886 3200 datae
906 3140 1005 3200 cordis
1025 3140 1159 3202 dolorem

144 3228 257 3303 sedant,
280 3229 320 3287 ita
344 3235 378 3286 ut
402 3230 453 3305 qni
475 3229 625 3304 potionem
649 3229 799 3306 acceperit
821 3228 983 3307 pinguibus
1007 3231 1085 3289 33313
1109 3229 1159 3289 ab·

234 3367 248 3414 1
267 3359 463 3430 schynoanthi.
545 3367 576 3416 111
597 3360 734 3432 Sabaoth]
756 3362 876 3418 cabaail.
955 3367 989 3418 16
1008 3362 1159 3420 callerent.

143 3437 178 3487 20
201 3431 340 3502 pemseia,
363 3432 476 3487 correxi.
584 3439 619 3487 24
641 3432 836 3488 erithrodanis.
953 3439 988 3489 21
1013 3433 1157 3491 33333133.

139 3501 318 3556 2111313333.
393 3501 531 3575 3113133111]
550 3501 700 3559 heminam.
