2438 3802
437 106 764 221 ⁸-1lo-

88 330 125 381 ot
144 326 260 398 gantur.
303 317 410 381 Caneri
431 319 565 381 fluviales
588 318 737 380 combusti
759 320 824 380 triti
850 325 881 379 et
904 336 972 379 cum
995 318 1082 379 melle
1105 318 1155 379 ad·

142 410 234 486 positi
256 415 386 469 strumas
410 409 582 469 discutiunt.
622 406 704 468 Idem
727 414 880 486 praestant
904 414 935 467 et
957 415 1051 468 testae
1075 407 1156 467 ecbi-

85 507 122 558 55
142 515 250 557 norum
274 515 310 557 ex
334 504 418 558 aceto
441 499 528 558 tritae
552 503 583 557 et
601 495 760 575 adpositae.
793 495 826 556 Si
844 495 972 556 volueris
991 495 1156 575 explorare,

141 593 244 646 utrum
268 593 381 646 struma
405 587 445 646 sit
467 585 526 645 loci
543 584 632 665 illius,
656 587 708 664 qui
726 584 862 662 tumebit,
886 592 1043 662 antequam
1062 582 1154 644 medi·

141 676 239 734 cinam
258 673 406 752 adhibeas,
424 672 605 734 lumbricum
623 680 799 734 terrestrem
818 673 854 733 ad
872 680 1021 733 tumorem
1040 671 1184 750 adplices

141 769 172 822 et
199 769 302 840 postea
331 780 422 841 super
448 761 551 822 folium
577 779 668 842 pone,
696 763 723 822 si
751 769 864 823 struma
888 763 958 842 erit,
990 759 1156 821 lumbricus

141 856 222 910 terra
245 850 310 910 liet:
334 853 360 910 si
383 868 443 910 non
466 852 524 910 erit
546 857 669 930 struma,
692 851 808 929 integer
831 857 919 929 atque
938 848 1069 909 inlaesus
1087 867 1155 927 pcr-

85 950 121 1000 56
140 937 280 998 manebit.
321 937 443 1016 Saepiae
466 945 544 998 testa
567 940 765 998 minutissime
789 946 913 1000 contusa
936 956 1004 1009 oum
1028 939 1156 1015 axungia

85 1039 121 1088 or
142 1034 242 1086 vetere
272 1025 394 1087 subacta
421 1034 452 1087 et
476 1029 603 1106 inposita
628 1029 750 1087 strumis
772 1027 918 1087 medetur.
964 1025 1155 1087 Nasturcium

142 1132 211 1174 oum
235 1113 365 1176 alumine
388 1118 550 1176 contritum
568 1116 686 1175 inlitum
705 1115 752 1175 vel
769 1117 932 1193 inpositum
952 1116 1074 1174 strumis
1093 1116 1155 1192 opi·
1170 1131 1198 1170 ro

85 1215 121 1265 58
141 1201 293 1264 tulabitur.
336 1203 496 1284 Talparum
519 1206 615 1282 capita
638 1205 735 1264 recisa
758 1221 827 1264 cum
850 1212 930 1264 terra
954 1221 1007 1263 sua
1030 1210 1155 1263 contun-

142 1291 255 1352 duntur
279 1300 309 1353 et
331 1311 386 1371 pro
410 1292 570 1372 emplastro
589 1292 780 1372 adponuntur
799 1293 931 1372 strumis,
954 1291 1068 1352 utiliter
1086 1309 1155 1369 pro·

139 1388 225 1461 sunt3
248 1380 286 1440 ob
311 1381 391 1460 quod
413 1381 523 1460 pastilli
545 1381 615 1442 inde
638 1381 710 1442 facti
732 1383 762 1440 in
783 1380 890 1460 pyxide
910 1388 1030 1458 stagnea
1049 1381 1155 1459 reponi

84 1480 121 1530 59
143 1468 261 1549 debent,
285 1478 319 1530 ut
337 1477 456 1548 praesto
479 1471 548 1550 sint,
571 1487 639 1530 cum
663 1488 738 1549 opus
762 1478 815 1530 est.
850 1467 919 1530 Galx
939 1470 1002 1529 viva
1021 1486 1090 1529 cum
1108 1487 1155 1528 re-

141 1559 206 1618 sina
224 1557 337 1636 liquida
355 1565 385 1618 et
405 1558 490 1636 adipe
509 1557 594 1618 suilla
613 1552 735 1618 subacta
754 1566 785 1619 et
804 1557 902 1618 addito
921 1556 1008 1617 melle
1025 1558 1154 1635 inposita
1169 1573 1198 1614 1⁵

83 1658 120 1706 50
139 1648 263 1706 strumis
292 1647 366 1716 mire
389 1645 534 1706 medetur.
575 1645 757 1724 Ungularum
781 1649 957 1725 equinarum
982 1654 1154 1706 exustarum

84 1747 119 1796 61
141 1736 217 1795 einis
241 1753 308 1795 cum
333 1733 397 1794 oleo
416 1735 564 1812 inpositus
582 1734 629 1794 vel
647 1733 751 1794 inlitus
769 1736 894 1796 strumis
912 1733 1057 1794 medetur.
1089 1732 1154 1794 dou
1198 1788 1200 1791 .

140 1841 233 1903 ossea,
256 1822 287 1882 id
306 1830 353 1883 est
371 1822 485 1902 spiculo
505 1824 647 1902 trygonis,
671 1840 746 1902 quae
765 1825 915 1902 pastinaca
934 1823 1052 1902 dicitur,
1075 1831 1153 1882 stru-

81 1923 117 1972 et
138 1929 215 1971 mam
244 1913 363 1990 saepius
386 1929 499 1993 punge,
526 1913 625 1972 statim
653 1913 770 1972 arescit.
814 1911 858 1972 Ad
882 1921 1025 1972 strumam
1050 1910 1153 1970 sedan-

137 1999 204 2059 dam
229 1998 301 2060 buxi
323 2009 427 2060 tenera
452 2008 482 2060 et
510 2002 638 2061 cicutam
661 2007 741 2061 teres
764 1999 811 2060 vel
833 1999 999 2060 contundes
1027 2008 1057 2058 et
1084 2017 1153 2059 cum
1168 2017 1197 2055 ao

139 2091 266 2167 axungia
281 2088 401 2168 subiges
416 2090 491 2150 etin
505 2107 602 2168 panno
624 2091 708 2150 tenui
726 2089 882 2150 inductum
901 2087 1084 2148 medicamen
1103 2087 1153 2147 ad-

82 2189 119 2238 63
138 2195 239 2256 pones.
277 2175 412 2255 Virgulas
436 2187 554 2237 teneras
577 2177 657 2257 buxi,
681 2176 864 2256 manipulum
882 2183 1019 2237 tenerum
1038 2177 1152 2236 urticae

138 2266 312 2343 unipecciae
335 2267 366 2325 in
386 2265 472 2324 ollam
491 2265 597 2326 rudem
616 2264 800 2326 bisextialem
819 2283 888 2325 cum
907 2283 982 2343 aqua
1002 2266 1103 2324 mittes
1123 2272 1153 2324 et

138 2353 174 2412 ad
197 2352 310 2412 medias
334 2353 496 2432 decoques3
520 2361 623 2431 postea
646 2353 683 2414 de
706 2355 869 2432 aqna-ipsa
888 2353 1049 2413 dormitum
1068 2355 1153 2413 eunti

137 2446 287 2500 strumoso
311 2438 438 2500 calidum
468 2447 612 2519 quantum
639 2442 701 2520 pati
728 2443 823 2520 possit
850 2441 1030 2502 sorbendum
1058 2440 1152 2522 dabis,
1166 2458 1195 2499 aa

137 2545 198 2588 non
222 2527 497 2608 transmittendum,
526 2528 578 2588 sed
607 2529 643 2589 ad
673 2546 741 2588 eum
768 2529 867 2590 locum
896 2532 948 2608 qui
971 2529 1050 2590 dolet
1072 2532 1152 2590 intra

136 2633 171 2675 os
194 2615 369 2696 tenendum;
395 2625 505 2695 quanto
529 2623 628 2678 antem
651 2616 764 2678 diutius
787 2626 838 2679 aut
861 2618 985 2678 calidius
1010 2620 1152 2696 tenuerit,

137 2711 219 2765 tanto
239 2706 327 2771 citius
346 2703 508 2766 sanabitur.
545 2704 663 2766 Sufficit
681 2715 789 2788 autem,
808 2715 842 2767 ut
856 2716 957 2768 ternas
971 2706 1152 2767 sorbitiones

135 2791 261 2872 singulis
284 2793 423 2854 noctibus
445 2796 524 2856 intra
548 2813 581 2856 os
604 2802 711 2856 teneat.

77 2894 114 2944 54
222 2881 405 2944 Medicamen
433 2883 468 2944 ad
497 2884 598 2945 lauces
626 2884 773 2945 curandas
802 2885 858 2945 sic:
899 2882 994 2944 Rutae
1024 2875 1149 2968 pvb,
1164 2900 1193 2940 so

132 2978 249 3032 mentae
280 2975 476 3055 semunciam,
509 2973 571 3034 lolii
604 2976 799 3053 semunciam,
831 2972 932 3033 anethi
962 2971 1148 3052 tantundem,

131 3063 191 3138 apii
214 3061 308 3142 idom,
336 3061 454 3122 coliculi
478 3064 600 3122 seminis
629 3063 721 3143 idem,
750 3060 923 3122 cucurbitae
952 3069 982 3120 et
1004 3059 1150 3120 marrubii

132 3149 224 3230 idem,
248 3157 329 3210 teres
352 3150 511 3228 diligenter
533 3150 607 3210 baec
631 3151 728 3210 omnia
752 3167 785 3209 ao
809 3148 1004 3227 permiscebis
1029 3156 1149 3209 etcum

75 3245 114 3295 55
133 3253 208 3314 opus
232 3237 336 3317 luerit,
360 3238 460 3298 fauces
483 3237 552 3297 inde
576 3245 688 3314 tanges.
733 3235 807 3297 ltem
830 3236 983 3315 pulverem
1006 3237 1043 3297 ad
1066 3237 1146 3297 idern

202 3370 382 3425 blumbrico.
460 3369 606 3440 Baxngia.
689 3376 722 3426 16
741 3372 823 3427 umba
841 3371 1015 3441 Ungularum
1036 3404 1069 3411 -
1088 3389 1146 3426 me·

129 3439 213 3495 detur
231 3457 281 3496 om.
355 3446 389 3495 18
406 3439 565 3510 pastinnga.
630 3447 665 3495 24
684 3441 773 3512 eunti]
793 3441 934 3500 adversus.
996 3448 1031 3497 28
1049 3446 1145 3498 ternos

128 3525 224 3562 *oreos
301 3515 337 3565 32
356 3509 471 3566 cnlieuli
489 3511 609 3568 semonia
627 3510 725 3568 isdem.
798 3513 940 3569 mamurii.
