2438 3802
479 155 720 220 -199-

89 327 147 400 tct,
175 317 254 397 quod
283 317 348 378 lieri
376 317 465 378 debet
488 317 524 378 de
547 317 717 396 plantagine
741 336 790 397 ea,
814 335 889 396 quae
913 318 1104 398 arnoglossus

90 409 210 487 dicitur,
230 424 298 467 cum
317 414 401 466 aceto
419 408 503 486 trita;
523 406 598 466 cibis
618 416 716 468 autem
735 408 780 466 uti
799 405 897 487 dehet,
916 409 966 467 cui
984 408 1103 468 meden-

90 497 162 557 dum
186 502 240 576 cst,
263 497 391 556 austeris
415 503 445 555 et
468 497 612 574 stypticis.

181 583 362 662 Cataplasma
385 584 419 644 fit
442 584 594 644 stomacho
617 583 764 644 laboranti
787 602 822 643 ex
845 585 941 662 pomis
963 584 1104 664 cydoucis
1121 597 1156 646 38

61 674 202 752 coptime
226 675 387 752 percoctis,
412 691 486 751 quae
509 691 596 751 poma
618 672 756 733 manibus
780 672 973 752 subiguntur,
997 673 1104 734 deinde

90 779 160 822 rosa
179 763 257 821 sicca
277 763 385 820 teritur
404 769 434 821 et
453 760 575 821 cribello
590 761 759 822 medicinali
773 760 926 842 crihlatur,
944 771 1009 822 tum
1028 764 1105 822 aceti

91 850 197 929 optimi
221 857 365 928 quantum
388 850 516 910 sufficiat
542 850 669 910 adicitur
697 858 727 910 et
754 850 843 910 simul
870 852 968 911 omnia
996 852 1104 929 permi-

91 947 215 999 scentur
234 938 404 1017 factumque
424 939 600 1018 cataplasma
619 938 770 999 stomacho
789 939 917 1000 calidum
937 939 1104 1018 adponitur.

90 1025 257 1108 Portulaca,
279 1027 336 1087 hoc
360 1034 406 1088 cst
428 1027 518 1088 alium
542 1026 694 1107 Gallicum,
718 1030 857 1107 coquitur
878 1027 1157 1106 diligentissimam

48 1123 122 1176 met
150 1123 268 1176 coctum
295 1115 371 1176 hene
399 1116 505 1176 edetur
533 1134 569 1176 ex
597 1124 680 1176 aceto
709 1115 817 1196 abeo,
844 1119 895 1195 qui
918 1117 1105 1176 stomachum

91 1203 204 1264 dolebit
225 1203 272 1264 vel
294 1206 433 1264 vitiosum
456 1204 590 1284 hahchit3
619 1206 678 1265 cito
707 1207 734 1265 ci
757 1204 899 1284 proderit.
945 1204 1105 1265 Cuminum
1122 1215 1158 1266 40

90 1301 172 1353 teres
195 1303 225 1354 et
243 1295 312 1352 vino
331 1295 456 1352 mixtum
475 1292 559 1353 dabis
578 1293 739 1354 hibendum
758 1295 868 1371 ieiuno,
891 1295 917 1352 si
936 1310 995 1352 non
1014 1292 1103 1352 ichri-

92 1381 207 1462 citabit;
226 1383 253 1441 si
271 1380 453 1442 febricitabit
472 1400 508 1441 ex
523 1400 598 1460 aqua
613 1385 718 1442 tritum
732 1380 829 1461 dabis3
848 1382 991 1441 contiuuo
1006 1399 1105 1441 emen-

91 1469 217 1531 dabitur·
234 1470 378 1530 stomachi
401 1469 494 1531 dolor.
532 1469 664 1531 Nardum
687 1477 717 1531 et
740 1473 846 1530 mastix
870 1478 900 1529 et
919 1487 1021 1529 semen
1045 1471 1105 1548 apii
1123 1480 1158 1529 41

49 1575 76 1616 15
91 1577 160 1621 cum
183 1558 256 1619 baca
278 1559 356 1619 lauri
378 1568 409 1619 et
432 1558 568 1619 ahsenthi
590 1562 702 1619 semiue
722 1561 825 1637 aequis
843 1557 1015 1637 potionibus
1035 1576 1104 1619 con·

90 1655 244 1727 teruntur3
268 1647 364 1724 pulvis
383 1647 433 1707 hie
457 1665 548 1727 super
572 1648 757 1708 stomachum
781 1665 921 1726 aspersus
940 1649 1016 1707 mire
1035 1664 1105 1707 cum

90 1737 196 1797 reiicit.
230 1735 369 1796 Absinthi
391 1737 495 1797 viridis
518 1736 701 1815 manipulum
725 1738 756 1795 in
780 1735 905 1797 caccabo
925 1753 1000 1795 novo
1020 1733 1105 1796 fictili
1124 1746 1158 1795 42

91 1843 161 1885 cum
184 1842 276 1903 aquae
300 1824 418 1886 hemina
442 1825 591 1903 decoquas
615 1824 650 1884 ad
674 1827 778 1884 tertias
800 1832 830 1884 et
848 1826 879 1883 in
897 1827 992 1903 ipsam
1009 1826 1105 1902 potio-

92 1931 162 1972 nem
183 1914 282 1973 mittes
301 1916 433 1974 masticis
451 1913 601 1973 modicum
621 1921 652 1973 et
670 1914 782 1991 piperis
802 1915 866 1972 triti
884 1930 975 1990 grana
990 1921 1105 1992 septem

50 2017 79 2056 20
94 2000 140 2060 vel
163 2018 267 2061 norem
290 2010 320 2062 et
344 2005 387 2063 sic
410 2020 496 2062 mane
519 2003 620 2061 ieiuno
643 2000 807 2061 hibendum
836 2001 933 2082 dahis,
961 2003 1104 2062 continuo

93 2091 202 2150 sentiet
224 2091 369 2151 stomachi
392 2090 553 2152 laborantis
576 2089 741 2150 medellam.

180 2179 225 2239 Ad
240 2180 385 2240 stomachi
399 2178 615 2241 carbunculum
629 2177 853 2256 reprimendum
868 2177 978 2238 dactuli
992 2179 1023 2236 in
1035 2179 1104 2237 vino
1123 2188 1159 2239 43

91 2275 211 2329 austero
230 2277 419 2330 macerantur
438 2277 467 2329 et
486 2268 615 2329 admixto
634 2285 721 2347 pomo
741 2267 873 2346 cydoneo
893 2273 977 2327 cocto
993 2274 1023 2327 et
1037 2284 1105 2327 rosa

91 2365 121 2417 et
148 2359 272 2418 mastico
300 2365 330 2417 et
353 2357 416 2418 aloe
441 2366 471 2418 et
494 2357 558 2418 oleo
584 2375 705 2417 rosaceo
730 2356 882 2417 stomacho
906 2355 1106 2436 adponuntur,

49 2462 77 2503 rc
92 2446 132 2505 ita
159 2453 194 2507 ut
221 2445 398 2524 cataplasma
425 2446 494 2506 inde
518 2447 738 2506 exactissimum
761 2447 825 2526 fiat3
852 2454 1007 2524 praeterea
1031 2463 1106 2505 sem·

91 2543 237 2612 perante
264 2534 363 2594 cibum
390 2535 527 2595 infirmus
551 2534 702 2596 stomacho
731 2533 820 2595 debet
847 2537 983 2613 accipere
1010 2533 1106 2595 mellis

92 2623 182 2683 httici
210 2623 348 2684 cocliaria
376 2623 434 2684 duo
463 2623 509 2683 vel
536 2626 592 2684 tria
620 2626 733 2702 pariter
760 2625 791 2684 iu
816 2625 884 2683 vino
913 2632 1032 2684 austero
1056 2623 1106 2683 de-

92 2714 182 2792 cocti,
207 2712 286 2792 quod
310 2711 433 2790 duplum
462 2714 501 2772 sit
528 2730 616 2790 quam
644 2711 716 2791 mel,
743 2712 789 2772 vel
816 2730 870 2790 pro
894 2714 962 2772 vino
986 2719 1106 2772 austero

93 2816 183 2860 sucus
210 2819 346 2862 rosarum
374 2802 539 2879 permixtus
567 2800 668 2879 dctur3
696 2801 788 2859 siccat
815 2802 893 2859 euim
922 2799 1107 2860 stomachum

49 2904 79 2946 ao
93 2897 123 2948 ct
151 2898 266 2951 recreat
294 2889 472 2950 dissolutum
501 2898 531 2946 et
557 2887 640 2947 tarde
670 2886 770 2946 cibum
800 2887 1008 2947 conficientem
1038 2905 1107 2946 con·

92 2977 198 3039 firmat.
235 2977 331 3039 Mollis
354 2976 428 3037 libra
456 2993 528 3054 una,
557 2975 674 3052 senapis
702 2977 773 3034 tosti
800 2992 834 3034 ac
857 2981 926 3052 post
949 2974 1107 3053 diligenter
1125 2986 1161 3035 44

92 3068 157 3128 triti
188 3069 294 3129 unciae
328 3066 403 3127 duae
435 3065 548 3144 pariter
580 3069 750 3142 coquuntur
783 3069 813 3122 ct
847 3079 883 3122 ex
917 3079 953 3122 eo
985 3062 1107 3141 plenum

92 3157 227 3216 cocleare
258 3158 373 3236 ieiuno,
405 3155 457 3233 qui
490 3151 635 3213 stomachi
661 3150 762 3212 dolore
790 3149 980 3231 laboraverit,
1011 3151 1106 3212 datur.

92 3244 136 3305 Ad
161 3244 346 3306 stomachum
374 3250 567 3304 nauseantem
596 3249 626 3302 et
653 3248 853 3302 acescentem:
881 3238 1038 3301 Coriandri
1061 3259 1106 3300 se·
1125 3251 1161 3301 45

185 3451 391 3521 tarnoglosus.
470 3446 638 3518 3stipticis.
714 3447 852 3504 ticelido.
934 3446 1114 3516 iporcaclu,

95 3527 129 3576 14
148 3522 283 3577 dolorem.
356 3522 472 3577 mastex.
548 3526 580 3576 1r
599 3518 789 3592 montipolum.
860 3521 899 3574 ts
911 3517 1071 3573 huardum..
