<?xml version="1.0" encoding="UTF-8"?>
<!DOCTYPE html PUBLIC "-//W3C//DTD XHTML 1.0 Transitional//EN"
    "http://www.w3.org/TR/xhtml1/DTD/xhtml1-transitional.dtd">
<html xmlns="http://www.w3.org/1999/xhtml" xml:lang="en" lang="en">
 <head>
  <title>
</title>
<meta http-equiv="Content-Type" content="text/html;charset=utf-8" />
  <meta name='ocr-system' content='tesseract 3.04.00' />
  <meta name='ocr-capabilities' content='ocr_page ocr_carea ocr_par ocr_line ocrx_word'/>
</head>
<body>
  <div class='ocr_page' id='page_1' title='image "./marcellidemedic01helmgoog_0187.png"; bbox 0 0 2438 3802; ppageno 0'>
   <div class='ocr_carea' id='block_1_1' title="bbox 518 160 759 224">
    <p class='ocr_par' dir='ltr' id='par_1_1' title="bbox 518 160 759 224">
     <span class='ocr_line' id='line_1_1' title="bbox 518 160 759 224; baseline 0 0"><span class='ocrx_word' id='word_1_1' title='bbox 518 160 759 224; x_wconf 81' lang='grc'><strong>-176-</strong></span> 
     </span>
    </p>
   </div>
   <div class='ocr_carea' id='block_1_2' title="bbox 76 321 1188 3305">
    <p class='ocr_par' dir='ltr' id='par_1_2' title="bbox 128 321 1144 491">
     <span class='ocr_line' id='line_1_2' title="bbox 128 321 1144 403; baseline -0.003 -19"><span class='ocrx_word' id='word_1_2' title='bbox 128 324 228 402; x_wconf 92' lang='lat' dir='ltr'>lingua</span> <span class='ocrx_word' id='word_1_3' title='bbox 251 322 358 382; x_wconf 91' lang='lat' dir='ltr'>habeto</span> <span class='ocrx_word' id='word_1_4' title='bbox 383 331 413 383; x_wconf 93' lang='lat' dir='ltr'>et</span> <span class='ocrx_word' id='word_1_5' title='bbox 436 322 569 403; x_wconf 84' lang='lat' dir='ltr'>salivam,</span> <span class='ocrx_word' id='word_1_6' title='bbox 600 341 675 402; x_wconf 90' lang='lat' dir='ltr'>quae</span> <span class='ocrx_word' id='word_1_7' title='bbox 704 323 844 400; x_wconf 85' lang='lat' dir='ltr'>creverit,</span> <span class='ocrx_word' id='word_1_8' title='bbox 871 321 1056 403; x_wconf 81' lang='lat' dir='ltr'>transglutti‚</span> <span class='ocrx_word' id='word_1_9' title='bbox 1083 340 1144 400; x_wconf 89' lang='lat' dir='ltr'>quo</span> 
     </span>
     <span class='ocr_line' id='line_1_3' title="bbox 129 411 871 491; baseline 0 -19"><span class='ocrx_word' id='word_1_10' title='bbox 129 413 206 473; x_wconf 89' lang='lat' dir='ltr'>facto</span> <span class='ocrx_word' id='word_1_11' title='bbox 231 429 328 491; x_wconf 89' lang='lat' dir='ltr'>neque</span> <span class='ocrx_word' id='word_1_12' title='bbox 352 413 435 472; x_wconf 91' lang='lat' dir='ltr'>sities</span> <span class='ocrx_word' id='word_1_13' title='bbox 459 429 556 489; x_wconf 87' lang='lat' dir='ltr'>neque</span> <span class='ocrx_word' id='word_1_14' title='bbox 581 429 614 471; x_wconf 93' lang='lat' dir='ltr'>os</span> <span class='ocrx_word' id='word_1_15' title='bbox 636 411 692 472; x_wconf 92' lang='lat' dir='ltr'>tibi</span> <span class='ocrx_word' id='word_1_16' title='bbox 714 413 871 472; x_wconf 80' lang='lat' dir='ltr'>inarescet.</span> 
     </span>
    </p>

    <p class='ocr_par' dir='ltr' id='par_1_3' title="bbox 76 497 1185 845">
     <span class='ocr_line' id='line_1_4' title="bbox 76 497 1145 578; baseline -0.002 -19"><span class='ocrx_word' id='word_1_17' title='bbox 76 511 111 560; x_wconf 78' lang='lat'>42</span> <span class='ocrx_word' id='word_1_18' title='bbox 219 500 262 560; x_wconf 82' lang='lat' dir='ltr'>Ad</span> <span class='ocrx_word' id='word_1_19' title='bbox 291 499 440 578; x_wconf 92' lang='lat' dir='ltr'>singultus</span> <span class='ocrx_word' id='word_1_20' title='bbox 467 499 644 560; x_wconf 91' lang='lat' dir='ltr'>inhibendos</span> <span class='ocrx_word' id='word_1_21' title='bbox 673 500 831 578; x_wconf 83' lang='lat' dir='ltr'>festucam,</span> <span class='ocrx_word' id='word_1_22' title='bbox 860 517 948 577; x_wconf 90' lang='lat' dir='ltr'>quam</span> <span class='ocrx_word' id='word_1_23' title='bbox 978 497 1085 558; x_wconf 93' lang='lat' dir='ltr'>bibens</span> <span class='ocrx_word' id='word_1_24' title='bbox 1113 500 1145 557; x_wconf 94' lang='lat' dir='ltr'>in</span> 
     </span>
     <span class='ocr_line' id='line_1_5' title="bbox 130 587 1145 669; baseline -0.005 -19"><span class='ocrx_word' id='word_1_25' title='bbox 130 589 221 650; x_wconf 91' lang='lat' dir='ltr'>calice</span> <span class='ocrx_word' id='word_1_26' title='bbox 241 590 402 669; x_wconf 85' lang='lat' dir='ltr'>acceperis,</span> <span class='ocrx_word' id='word_1_27' title='bbox 421 590 559 666; x_wconf 93' lang='lat' dir='ltr'>protinus</span> <span class='ocrx_word' id='word_1_28' title='bbox 578 587 737 667; x_wconf 92' lang='lat' dir='ltr'>supercilio</span> <span class='ocrx_word' id='word_1_29' title='bbox 758 590 878 648; x_wconf 90' lang='lat' dir='ltr'>sinistro</span> <span class='ocrx_word' id='word_1_30' title='bbox 897 589 1055 666; x_wconf 81' lang='lat' dir='ltr'>imponit03</span> <span class='ocrx_word' id='word_1_31' title='bbox 1075 604 1145 647; x_wconf 89' lang='lat' dir='ltr'>con-</span> 
     </span>
     <span class='ocr_line' id='line_1_6' title="bbox 76 675 1185 756; baseline -0.004 -18"><span class='ocrx_word' id='word_1_32' title='bbox 76 690 111 738; x_wconf 83' lang='lat'>43</span> <span class='ocrx_word' id='word_1_33' title='bbox 129 680 214 738; x_wconf 93' lang='lat' dir='ltr'>tinuo</span> <span class='ocrx_word' id='word_1_34' title='bbox 238 677 404 737; x_wconf 92' lang='lat' dir='ltr'>remedium</span> <span class='ocrx_word' id='word_1_35' title='bbox 423 679 594 755; x_wconf 82' lang='lat' dir='ltr'>experieris.</span> <span class='ocrx_word' id='word_1_36' title='bbox 628 676 662 737; x_wconf 94' lang='lat' dir='ltr'>ln</span> <span class='ocrx_word' id='word_1_37' title='bbox 680 694 787 756; x_wconf 90' lang='lat' dir='ltr'>aquam</span> <span class='ocrx_word' id='word_1_38' title='bbox 806 675 930 736; x_wconf 82' lang='lat' dir='ltr'>calidam</span> <span class='ocrx_word' id='word_1_39' title='bbox 949 693 1054 735; x_wconf 91' lang='lat' dir='ltr'>manus</span> <span class='ocrx_word' id='word_1_40' title='bbox 1073 676 1144 734; x_wconf 94' lang='lat' dir='ltr'>mis·</span> <span class='ocrx_word' id='word_1_41' title='bbox 1173 694 1185 735; x_wconf 81' lang='lat' dir='ltr'>a</span> 
     </span>
     <span class='ocr_line' id='line_1_7' title="bbox 131 763 1146 845; baseline -0.001 -20"><span class='ocrx_word' id='word_1_42' title='bbox 131 784 180 826; x_wconf 91' lang='lat' dir='ltr'>sae</span> <span class='ocrx_word' id='word_1_43' title='bbox 204 766 315 845; x_wconf 90' lang='lat' dir='ltr'>diuque</span> <span class='ocrx_word' id='word_1_44' title='bbox 338 765 398 826; x_wconf 89' lang='lat' dir='ltr'>illic</span> <span class='ocrx_word' id='word_1_45' title='bbox 422 773 555 826; x_wconf 82' lang='lat' dir='ltr'>retentae</span> <span class='ocrx_word' id='word_1_46' title='bbox 579 765 727 845; x_wconf 89' lang='lat' dir='ltr'>singultus</span> <span class='ocrx_word' id='word_1_47' title='bbox 751 763 919 826; x_wconf 87' lang='lat' dir='ltr'>crebriores</span> <span class='ocrx_word' id='word_1_48' title='bbox 943 763 1079 824; x_wconf 90' lang='lat' dir='ltr'>inhibere</span> <span class='ocrx_word' id='word_1_49' title='bbox 1101 763 1146 824; x_wconf 91' lang='lat' dir='ltr'>di·</span> 
     </span>
    </p>

    <p class='ocr_par' dir='ltr' id='par_1_4' title="bbox 77 852 1188 3305">
     <span class='ocr_line' id='line_1_8' title="bbox 78 852 1147 930; baseline -0.003 -16"><span class='ocrx_word' id='word_1_50' title='bbox 78 866 113 914; x_wconf 86' lang='lat'>44</span> <span class='ocrx_word' id='word_1_51' title='bbox 131 862 249 914; x_wconf 88' lang='lat' dir='ltr'>cuntur.</span> <span class='ocrx_word' id='word_1_52' title='bbox 287 853 401 914; x_wconf 80' lang='lat' dir='ltr'>Anulus</span> <span class='ocrx_word' id='word_1_53' title='bbox 424 856 456 913; x_wconf 94' lang='lat' dir='ltr'>in</span> <span class='ocrx_word' id='word_1_54' title='bbox 480 855 600 915; x_wconf 91' lang='lat' dir='ltr'>sinistra</span> <span class='ocrx_word' id='word_1_55' title='bbox 623 872 712 915; x_wconf 90' lang='lat' dir='ltr'>manu</span> <span class='ocrx_word' id='word_1_56' title='bbox 737 855 768 913; x_wconf 93' lang='lat' dir='ltr'>in</span> <span class='ocrx_word' id='word_1_57' title='bbox 791 853 888 913; x_wconf 93' lang='lat' dir='ltr'>medio</span> <span class='ocrx_word' id='word_1_58' title='bbox 913 852 1004 930; x_wconf 84' lang='lat' dir='ltr'>digito</span> <span class='ocrx_word' id='word_1_59' title='bbox 1028 853 1147 930; x_wconf 90' lang='lat' dir='ltr'>positus</span> 
     </span>
     <span class='ocr_line' id='line_1_9' title="bbox 77 940 1147 1020; baseline -0.003 -18"><span class='ocrx_word' id='word_1_60' title='bbox 77 954 112 1002; x_wconf 77' lang='lat'>45</span> <span class='ocrx_word' id='word_1_61' title='bbox 131 942 177 1002; x_wconf 89' lang='lat' dir='ltr'>vel</span> <span class='ocrx_word' id='word_1_62' title='bbox 199 941 310 1002; x_wconf 89' lang='lat' dir='ltr'>ibidem</span> <span class='ocrx_word' id='word_1_63' title='bbox 332 942 493 1004; x_wconf 88' lang='lat' dir='ltr'>translatus</span> <span class='ocrx_word' id='word_1_64' title='bbox 516 942 665 1020; x_wconf 91' lang='lat' dir='ltr'>singultus</span> <span class='ocrx_word' id='word_1_65' title='bbox 688 944 788 1002; x_wconf 90' lang='lat' dir='ltr'>statim</span> <span class='ocrx_word' id='word_1_66' title='bbox 813 943 984 1020; x_wconf 84' lang='lat' dir='ltr'>compescit.</span> <span class='ocrx_word' id='word_1_67' title='bbox 1022 940 1054 1000; x_wconf 88' lang='lat' dir='ltr'>Si</span> <span class='ocrx_word' id='word_1_68' title='bbox 1078 943 1147 1019; x_wconf 90' lang='lat' dir='ltr'>quis</span> 
     </span>
     <span class='ocr_line' id='line_1_10' title="bbox 132 1029 1148 1110; baseline -0.002 -20"><span class='ocrx_word' id='word_1_69' title='bbox 132 1029 309 1108; x_wconf 84' lang='lat' dir='ltr'>singultiens</span> <span class='ocrx_word' id='word_1_70' title='bbox 327 1033 404 1091; x_wconf 90' lang='lat' dir='ltr'>aceti</span> <span class='ocrx_word' id='word_1_71' title='bbox 423 1030 552 1092; x_wconf 87' lang='lat' dir='ltr'>scillitici</span> <span class='ocrx_word' id='word_1_72' title='bbox 571 1031 704 1092; x_wconf 88' lang='lat' dir='ltr'>cocleare</span> <span class='ocrx_word' id='word_1_73' title='bbox 722 1031 843 1109; x_wconf 91' lang='lat' dir='ltr'>plenum</span> <span class='ocrx_word' id='word_1_74' title='bbox 864 1031 1022 1110; x_wconf 88' lang='lat' dir='ltr'>acceperit,</span> <span class='ocrx_word' id='word_1_75' title='bbox 1046 1031 1148 1089; x_wconf 90' lang='lat' dir='ltr'>statim</span> 
     </span>
     <span class='ocr_line' id='line_1_11' title="bbox 132 1117 1186 1200; baseline -0.003 -21"><span class='ocrx_word' id='word_1_76' title='bbox 132 1119 288 1198; x_wconf 85' lang='lat' dir='ltr'>singultire</span> <span class='ocrx_word' id='word_1_77' title='bbox 317 1120 445 1200; x_wconf 81' lang='lat' dir='ltr'>desinet3</span> <span class='ocrx_word' id='word_1_78' title='bbox 477 1119 556 1180; x_wconf 92' lang='lat' dir='ltr'>idem</span> <span class='ocrx_word' id='word_1_79' title='bbox 583 1126 714 1200; x_wconf 89' lang='lat' dir='ltr'>praestat</span> <span class='ocrx_word' id='word_1_80' title='bbox 742 1127 772 1179; x_wconf 90' lang='lat' dir='ltr'>et</span> <span class='ocrx_word' id='word_1_81' title='bbox 800 1136 893 1197; x_wconf 92' lang='lat' dir='ltr'>aquae</span> <span class='ocrx_word' id='word_1_82' title='bbox 922 1120 993 1178; x_wconf 91' lang='lat' dir='ltr'>satis</span> <span class='ocrx_word' id='word_1_83' title='bbox 1021 1117 1147 1196; x_wconf 90' lang='lat' dir='ltr'>lrigidae</span> <span class='ocrx_word' id='word_1_84' title='bbox 1162 1138 1186 1177; x_wconf 77' lang='lat' dir='ltr'>io</span> 
     </span>
     <span class='ocr_line' id='line_1_12' title="bbox 132 1207 1147 1287; baseline -0.003 -18"><span class='ocrx_word' id='word_1_85' title='bbox 132 1207 274 1269; x_wconf 89' lang='lat' dir='ltr'>adsiduus</span> <span class='ocrx_word' id='word_1_86' title='bbox 298 1216 434 1287; x_wconf 92' lang='lat' dir='ltr'>gustatus</span> <span class='ocrx_word' id='word_1_87' title='bbox 453 1216 484 1268; x_wconf 92' lang='lat' dir='ltr'>et</span> <span class='ocrx_word' id='word_1_88' title='bbox 502 1210 528 1268; x_wconf 92' lang='lat' dir='ltr'>si</span> <span class='ocrx_word' id='word_1_89' title='bbox 548 1211 615 1287; x_wconf 92' lang='lat' dir='ltr'>quis</span> <span class='ocrx_word' id='word_1_90' title='bbox 634 1209 772 1287; x_wconf 93' lang='lat' dir='ltr'>spiritum</span> <span class='ocrx_word' id='word_1_91' title='bbox 790 1209 954 1268; x_wconf 87' lang='lat' dir='ltr'>introrsum</span> <span class='ocrx_word' id='word_1_92' title='bbox 976 1214 1096 1266; x_wconf 90' lang='lat' dir='ltr'>revocet</span> <span class='ocrx_word' id='word_1_93' title='bbox 1115 1215 1147 1266; x_wconf 93' lang='lat' dir='ltr'>et</span> 
     </span>
     <span class='ocr_line' id='line_1_13' title="bbox 132 1294 1147 1378; baseline -0.002 -22"><span class='ocrx_word' id='word_1_94' title='bbox 132 1296 312 1375; x_wconf 82' lang='lat' dir='ltr'>aliquamdiu</span> <span class='ocrx_word' id='word_1_95' title='bbox 332 1299 491 1378; x_wconf 79' lang='lat' dir='ltr'>contiueat,</span> <span class='ocrx_word' id='word_1_96' title='bbox 511 1297 648 1357; x_wconf 90' lang='lat' dir='ltr'>similiter</span> <span class='ocrx_word' id='word_1_97' title='bbox 664 1295 877 1357; x_wconf 90' lang='lat' dir='ltr'>remediabitur</span> <span class='ocrx_word' id='word_1_98' title='bbox 891 1313 946 1355; x_wconf 88' lang='lat' dir='ltr'>nec</span> <span class='ocrx_word' id='word_1_99' title='bbox 961 1296 1059 1354; x_wconf 90' lang='lat' dir='ltr'>minus</span> <span class='ocrx_word' id='word_1_100' title='bbox 1074 1294 1147 1354; x_wconf 90' lang='lat' dir='ltr'>huic</span> 
     </span>
     <span class='ocr_line' id='line_1_14' title="bbox 132 1385 991 1464; baseline -0.002 -20"><span class='ocrx_word' id='word_1_101' title='bbox 132 1387 178 1445; x_wconf 92' lang='lat' dir='ltr'>rei</span> <span class='ocrx_word' id='word_1_102' title='bbox 200 1385 323 1464; x_wconf 92' lang='lat' dir='ltr'>prodest</span> <span class='ocrx_word' id='word_1_103' title='bbox 346 1393 587 1446; x_wconf 89' lang='lat' dir='ltr'>sternumentum</span> <span class='ocrx_word' id='word_1_104' title='bbox 610 1388 641 1446; x_wconf 93' lang='lat' dir='ltr'>in</span> <span class='ocrx_word' id='word_1_105' title='bbox 664 1395 799 1464; x_wconf 91' lang='lat' dir='ltr'>tempore</span> <span class='ocrx_word' id='word_1_106' title='bbox 823 1386 991 1445; x_wconf 84' lang='lat' dir='ltr'>excitatum.</span> 
     </span>
     <span class='ocr_line' id='line_1_15' title="bbox 79 1472 1147 1552; baseline -0.003 -19"><span class='ocrx_word' id='word_1_107' title='bbox 79 1483 113 1534; x_wconf 83' lang='lat'>46</span> <span class='ocrx_word' id='word_1_108' title='bbox 220 1473 337 1533; x_wconf 89' lang='lat' dir='ltr'>Herbae</span> <span class='ocrx_word' id='word_1_109' title='bbox 365 1475 519 1552; x_wconf 86' lang='lat' dir='ltr'>trixaginis</span> <span class='ocrx_word' id='word_1_110' title='bbox 548 1482 690 1535; x_wconf 89' lang='lat' dir='ltr'>contusae</span> <span class='ocrx_word' id='word_1_111' title='bbox 718 1478 748 1535; x_wconf 93' lang='lat' dir='ltr'>in</span> <span class='ocrx_word' id='word_1_112' title='bbox 776 1474 872 1552; x_wconf 90' lang='lat' dir='ltr'>lignea</span> <span class='ocrx_word' id='word_1_113' title='bbox 899 1472 959 1551; x_wconf 91' lang='lat' dir='ltr'>pila</span> <span class='ocrx_word' id='word_1_114' title='bbox 983 1489 1073 1532; x_wconf 90' lang='lat' dir='ltr'>sucus</span> <span class='ocrx_word' id='word_1_115' title='bbox 1097 1490 1147 1530; x_wconf 82' lang='lat' dir='ltr'>ex·</span> 
     </span>
     <span class='ocr_line' id='line_1_16' title="bbox 131 1559 1188 1641; baseline -0.002 -19"><span class='ocrx_word' id='word_1_116' title='bbox 131 1560 254 1641; x_wconf 86' lang='lat' dir='ltr'>pressus</span> <span class='ocrx_word' id='word_1_117' title='bbox 283 1580 351 1621; x_wconf 87' lang='lat' dir='ltr'>cum</span> <span class='ocrx_word' id='word_1_118' title='bbox 378 1564 446 1622; x_wconf 86' lang='lat' dir='ltr'>vino</span> <span class='ocrx_word' id='word_1_119' title='bbox 475 1561 569 1622; x_wconf 92' lang='lat' dir='ltr'>calido</span> <span class='ocrx_word' id='word_1_120' title='bbox 597 1565 682 1641; x_wconf 92' lang='lat' dir='ltr'>potui</span> <span class='ocrx_word' id='word_1_121' title='bbox 709 1563 795 1623; x_wconf 92' lang='lat' dir='ltr'>datus</span> <span class='ocrx_word' id='word_1_122' title='bbox 824 1571 928 1640; x_wconf 90' lang='lat' dir='ltr'>ruptos</span> <span class='ocrx_word' id='word_1_123' title='bbox 956 1563 1017 1620; x_wconf 87' lang='lat' dir='ltr'>sive</span> <span class='ocrx_word' id='word_1_124' title='bbox 1045 1559 1148 1620; x_wconf 88' lang='lat' dir='ltr'>vulsos</span> <span class='ocrx_word' id='word_1_125' title='bbox 1163 1579 1188 1620; x_wconf 82' lang='lat'>15</span> 
     </span>
     <span class='ocr_line' id='line_1_17' title="bbox 79 1649 1148 1729; baseline -0.003 -19"><span class='ocrx_word' id='word_1_126' title='bbox 79 1661 113 1711; x_wconf 73' lang='lat'>47</span> <span class='ocrx_word' id='word_1_127' title='bbox 134 1658 164 1710; x_wconf 93' lang='lat' dir='ltr'>et</span> <span class='ocrx_word' id='word_1_128' title='bbox 195 1652 375 1710; x_wconf 81' lang='lat' dir='ltr'>reumaticus</span> <span class='ocrx_word' id='word_1_129' title='bbox 408 1650 570 1710; x_wconf 88' lang='lat' dir='ltr'>efficaciter</span> <span class='ocrx_word' id='word_1_130' title='bbox 604 1659 695 1713; x_wconf 91' lang='lat' dir='ltr'>sanat.</span> <span class='ocrx_word' id='word_1_131' title='bbox 740 1651 960 1729; x_wconf 67' lang='lat' dir='ltr'>asparagorum</span> <span class='ocrx_word' id='word_1_132' title='bbox 992 1649 1075 1708; x_wconf 83' lang='lat' dir='ltr'>radix</span> <span class='ocrx_word' id='word_1_133' title='bbox 1110 1649 1148 1708; x_wconf 91' lang='lat' dir='ltr'>ad</span> 
     </span>
     <span class='ocr_line' id='line_1_18' title="bbox 131 1737 1148 1818; baseline -0.001 -20"><span class='ocrx_word' id='word_1_134' title='bbox 131 1740 249 1818; x_wconf 92' lang='lat' dir='ltr'>pondus</span> <span class='ocrx_word' id='word_1_135' title='bbox 278 1738 468 1799; x_wconf 88' lang='lat' dir='ltr'>denariorum</span> <span class='ocrx_word' id='word_1_136' title='bbox 497 1739 624 1799; x_wconf 90' lang='lat' dir='ltr'>duorum</span> <span class='ocrx_word' id='word_1_137' title='bbox 652 1748 682 1800; x_wconf 92' lang='lat' dir='ltr'>et</span> <span class='ocrx_word' id='word_1_138' title='bbox 704 1739 853 1799; x_wconf 83' lang='lat' dir='ltr'>brassicae</span> <span class='ocrx_word' id='word_1_139' title='bbox 879 1738 949 1798; x_wconf 90' lang='lat' dir='ltr'>lolia</span> <span class='ocrx_word' id='word_1_140' title='bbox 971 1737 1148 1798; x_wconf 92' lang='lat' dir='ltr'>tantundem</span> 
     </span>
     <span class='ocr_line' id='line_1_19' title="bbox 133 1827 1149 1907; baseline -0.001 -20"><span class='ocrx_word' id='word_1_141' title='bbox 133 1845 291 1888; x_wconf 90' lang='lat' dir='ltr'>mensurae</span> <span class='ocrx_word' id='word_1_142' title='bbox 319 1829 447 1888; x_wconf 89' lang='lat' dir='ltr'>contrita</span> <span class='ocrx_word' id='word_1_143' title='bbox 474 1836 562 1907; x_wconf 91' lang='lat' dir='ltr'>atque</span> <span class='ocrx_word' id='word_1_144' title='bbox 591 1847 628 1888; x_wconf 80' lang='lat' dir='ltr'>ex</span> <span class='ocrx_word' id='word_1_145' title='bbox 650 1830 718 1888; x_wconf 91' lang='lat' dir='ltr'>vino</span> <span class='ocrx_word' id='word_1_146' title='bbox 741 1830 827 1906; x_wconf 90' lang='lat' dir='ltr'>nigro</span> <span class='ocrx_word' id='word_1_147' title='bbox 850 1827 897 1887; x_wconf 88' lang='lat' dir='ltr'>vel</span> <span class='ocrx_word' id='word_1_148' title='bbox 920 1835 1039 1887; x_wconf 89' lang='lat' dir='ltr'>austero</span> <span class='ocrx_word' id='word_1_149' title='bbox 1063 1828 1149 1905; x_wconf 93' lang='lat' dir='ltr'>potui</span> 
     </span>
     <span class='ocr_line' id='line_1_20' title="bbox 80 1914 1149 1995; baseline -0.001 -21"><span class='ocrx_word' id='word_1_150' title='bbox 80 1926 115 1975; x_wconf 82' lang='grc'>48</span> <span class='ocrx_word' id='word_1_151' title='bbox 135 1914 201 1974; x_wconf 93' lang='lat' dir='ltr'>data</span> <span class='ocrx_word' id='word_1_152' title='bbox 226 1915 316 1977; x_wconf 88' lang='lat' dir='ltr'>vulsis</span> <span class='ocrx_word' id='word_1_153' title='bbox 339 1924 369 1977; x_wconf 89' lang='lat' dir='ltr'>et</span> <span class='ocrx_word' id='word_1_154' title='bbox 392 1919 564 1978; x_wconf 90' lang='lat' dir='ltr'>reumaticis</span> <span class='ocrx_word' id='word_1_155' title='bbox 587 1917 712 1978; x_wconf 89' lang='lat' dir='ltr'>mirifice</span> <span class='ocrx_word' id='word_1_156' title='bbox 731 1924 866 1995; x_wconf 90' lang='lat' dir='ltr'>prosunt.</span> <span class='ocrx_word' id='word_1_157' title='bbox 899 1915 933 1975; x_wconf 95' lang='lat' dir='ltr'>ln</span> <span class='ocrx_word' id='word_1_158' title='bbox 951 1915 1019 1993; x_wconf 89' lang='lat' dir='ltr'>pila,</span> <span class='ocrx_word' id='word_1_159' title='bbox 1038 1916 1070 1974; x_wconf 93' lang='lat' dir='ltr'>in</span> <span class='ocrx_word' id='word_1_160' title='bbox 1089 1933 1149 1993; x_wconf 89' lang='lat' dir='ltr'>qua</span> 
     </span>
     <span class='ocr_line' id='line_1_21' title="bbox 133 2001 1188 2086; baseline -0.002 -22"><span class='ocrx_word' id='word_1_161' title='bbox 133 2003 317 2066; x_wconf 91' lang='lat' dir='ltr'>frumentum</span> <span class='ocrx_word' id='word_1_162' title='bbox 339 2006 489 2086; x_wconf 85' lang='lat' dir='ltr'>tunditur,</span> <span class='ocrx_word' id='word_1_163' title='bbox 518 2006 823 2085; x_wconf 88' lang='lat' dir='ltr'>quantulumcumque</span> <span class='ocrx_word' id='word_1_164' title='bbox 852 2004 984 2064; x_wconf 88' lang='lat' dir='ltr'>sordium</span> <span class='ocrx_word' id='word_1_165' title='bbox 1007 2012 1059 2063; x_wconf 91' lang='lat' dir='ltr'>aut</span> <span class='ocrx_word' id='word_1_166' title='bbox 1081 2001 1147 2081; x_wconf 91' lang='lat' dir='ltr'>pul·</span> <span class='ocrx_word' id='word_1_167' title='bbox 1162 2023 1188 2063; x_wconf 78' lang='lat' dir='ltr'>ao</span> 
     </span>
     <span class='ocr_line' id='line_1_22' title="bbox 132 2091 1146 2173; baseline -0.003 -20"><span class='ocrx_word' id='word_1_168' title='bbox 132 2096 211 2154; x_wconf 84' lang='lat' dir='ltr'>reris</span> <span class='ocrx_word' id='word_1_169' title='bbox 238 2096 389 2154; x_wconf 88' lang='lat' dir='ltr'>inveneris</span> <span class='ocrx_word' id='word_1_170' title='bbox 417 2094 522 2173; x_wconf 87' lang='lat' dir='ltr'>collige</span> <span class='ocrx_word' id='word_1_171' title='bbox 549 2097 681 2173; x_wconf 92' lang='lat' dir='ltr'>itemque</span> <span class='ocrx_word' id='word_1_172' title='bbox 708 2098 740 2155; x_wconf 92' lang='lat' dir='ltr'>in</span> <span class='ocrx_word' id='word_1_173' title='bbox 768 2113 803 2155; x_wconf 88' lang='lat' dir='ltr'>eo</span> <span class='ocrx_word' id='word_1_174' title='bbox 830 2093 894 2153; x_wconf 91' lang='lat' dir='ltr'>loco</span> <span class='ocrx_word' id='word_1_175' title='bbox 924 2092 970 2151; x_wconf 93' lang='lat' dir='ltr'>vel</span> <span class='ocrx_word' id='word_1_176' title='bbox 992 2091 1146 2170; x_wconf 85' lang='lat' dir='ltr'>foramine,</span> 
     </span>
     <span class='ocr_line' id='line_1_23' title="bbox 132 2179 1148 2264; baseline -0.003 -22"><span class='ocrx_word' id='word_1_177' title='bbox 132 2183 165 2242; x_wconf 91' lang='lat' dir='ltr'>in</span> <span class='ocrx_word' id='word_1_178' title='bbox 184 2200 242 2260; x_wconf 92' lang='lat' dir='ltr'>quo</span> <span class='ocrx_word' id='word_1_179' title='bbox 262 2185 368 2243; x_wconf 89' lang='lat' dir='ltr'>ianuae</span> <span class='ocrx_word' id='word_1_180' title='bbox 387 2183 501 2261; x_wconf 87' lang='lat' dir='ltr'>pessuli</span> <span class='ocrx_word' id='word_1_181' title='bbox 519 2184 714 2264; x_wconf 81' lang='lat' dir='ltr'>descendunt,</span> <span class='ocrx_word' id='word_1_182' title='bbox 733 2182 879 2262; x_wconf 91' lang='lat' dir='ltr'>quidquid</span> <span class='ocrx_word' id='word_1_183' title='bbox 897 2182 1068 2260; x_wconf 86' lang='lat' dir='ltr'>reppereris</span> <span class='ocrx_word' id='word_1_184' title='bbox 1088 2179 1148 2240; x_wconf 90' lang='lat' dir='ltr'>eol-</span> 
     </span>
     <span class='ocr_line' id='line_1_24' title="bbox 133 2268 1148 2348; baseline -0.001 -19"><span class='ocrx_word' id='word_1_185' title='bbox 133 2269 191 2348; x_wconf 88' lang='lat' dir='ltr'>lige</span> <span class='ocrx_word' id='word_1_186' title='bbox 218 2279 248 2330; x_wconf 93' lang='lat' dir='ltr'>et</span> <span class='ocrx_word' id='word_1_187' title='bbox 276 2273 308 2330; x_wconf 92' lang='lat' dir='ltr'>in</span> <span class='ocrx_word' id='word_1_188' title='bbox 335 2289 428 2331; x_wconf 91' lang='lat' dir='ltr'>unum</span> <span class='ocrx_word' id='word_1_189' title='bbox 455 2274 602 2348; x_wconf 91' lang='lat' dir='ltr'>permisce</span> <span class='ocrx_word' id='word_1_190' title='bbox 631 2279 661 2332; x_wconf 93' lang='lat' dir='ltr'>et</span> <span class='ocrx_word' id='word_1_191' title='bbox 688 2273 777 2332; x_wconf 90' lang='lat' dir='ltr'>tacite</span> <span class='ocrx_word' id='word_1_192' title='bbox 805 2270 851 2330; x_wconf 88' lang='lat' dir='ltr'>vel</span> <span class='ocrx_word' id='word_1_193' title='bbox 879 2269 995 2330; x_wconf 89' lang='lat' dir='ltr'>occulto</span> <span class='ocrx_word' id='word_1_194' title='bbox 1024 2268 1089 2328; x_wconf 86' lang='lat' dir='ltr'>loco</span> <span class='ocrx_word' id='word_1_195' title='bbox 1116 2270 1148 2328; x_wconf 93' lang='lat' dir='ltr'>in</span> 
     </span>
     <span class='ocr_line' id='line_1_25' title="bbox 133 2357 1147 2439; baseline 0 -23"><span class='ocrx_word' id='word_1_196' title='bbox 133 2359 285 2435; x_wconf 91' lang='lat' dir='ltr'>potionem</span> <span class='ocrx_word' id='word_1_197' title='bbox 314 2366 365 2416; x_wconf 91' lang='lat' dir='ltr'>aut</span> <span class='ocrx_word' id='word_1_198' title='bbox 393 2357 493 2418; x_wconf 91' lang='lat' dir='ltr'>cibum</span> <span class='ocrx_word' id='word_1_199' title='bbox 519 2359 595 2419; x_wconf 90' lang='lat' dir='ltr'>vulsi</span> <span class='ocrx_word' id='word_1_200' title='bbox 623 2359 784 2420; x_wconf 88' lang='lat' dir='ltr'>laborantis</span> <span class='ocrx_word' id='word_1_201' title='bbox 817 2361 972 2439; x_wconf 86' lang='lat' dir='ltr'>insperge;</span> <span class='ocrx_word' id='word_1_202' title='bbox 1005 2359 1147 2418; x_wconf 88' lang='lat' dir='ltr'>continuo</span> 
     </span>
     <span class='ocr_line' id='line_1_26' title="bbox 82 2444 1187 2526; baseline 0 -22"><span class='ocrx_word' id='word_1_203' title='bbox 82 2444 245 2505; x_wconf 73' lang='lat' dir='ltr'>tamaium</span> <span class='ocrx_word' id='word_1_204' title='bbox 269 2445 413 2523; x_wconf 90' lang='lat' dir='ltr'>dolorque</span> <span class='ocrx_word' id='word_1_205' title='bbox 437 2446 596 2506; x_wconf 91' lang='lat' dir='ltr'>sedabitur.</span> <span class='ocrx_word' id='word_1_206' title='bbox 632 2447 786 2526; x_wconf 89' lang='lat' dir='ltr'>Serpentis</span> <span class='ocrx_word' id='word_1_207' title='bbox 808 2456 956 2526; x_wconf 86' lang='lat' dir='ltr'>senectus,</span> <span class='ocrx_word' id='word_1_208' title='bbox 980 2445 1010 2506; x_wconf 94' lang='lat' dir='ltr'>id</span> <span class='ocrx_word' id='word_1_209' title='bbox 1033 2455 1080 2506; x_wconf 91' lang='lat' dir='ltr'>est</span> <span class='ocrx_word' id='word_1_210' title='bbox 1098 2464 1147 2506; x_wconf 81' lang='lat' dir='ltr'>ex·</span> <span class='ocrx_word' id='word_1_211' title='bbox 1162 2464 1187 2504; x_wconf 79' lang='lat' dir='ltr'>aa</span> 
     </span>
     <span class='ocr_line' id='line_1_27' title="bbox 135 2531 1147 2612; baseline 0.001 -19"><span class='ocrx_word' id='word_1_212' title='bbox 135 2534 233 2612; x_wconf 85' lang='lat' dir='ltr'>uriae,</span> <span class='ocrx_word' id='word_1_213' title='bbox 262 2533 330 2593; x_wconf 91' lang='lat' dir='ltr'>licio</span> <span class='ocrx_word' id='word_1_214' title='bbox 360 2531 493 2611; x_wconf 90' lang='lat' dir='ltr'>alligatae</span> <span class='ocrx_word' id='word_1_215' title='bbox 521 2542 551 2594; x_wconf 91' lang='lat' dir='ltr'>et</span> <span class='ocrx_word' id='word_1_216' title='bbox 574 2534 658 2595; x_wconf 91' lang='lat' dir='ltr'>vulso</span> <span class='ocrx_word' id='word_1_217' title='bbox 681 2535 881 2596; x_wconf 91' lang='lat' dir='ltr'>circumdatae</span> <span class='ocrx_word' id='word_1_218' title='bbox 909 2537 983 2595; x_wconf 94' lang='lat' dir='ltr'>mire</span> <span class='ocrx_word' id='word_1_219' title='bbox 1011 2542 1147 2612; x_wconf 84' lang='lat' dir='ltr'>prosunt.</span> 
     </span>
     <span class='ocr_line' id='line_1_28' title="bbox 81 2620 1149 2702; baseline -0.002 -18"><span class='ocrx_word' id='word_1_220' title='bbox 81 2633 117 2684; x_wconf 77' lang='lat'>50</span> <span class='ocrx_word' id='word_1_221' title='bbox 136 2620 258 2682; x_wconf 90' lang='lat' dir='ltr'>Stercus</span> <span class='ocrx_word' id='word_1_222' title='bbox 278 2623 373 2681; x_wconf 87' lang='lat' dir='ltr'>verris</span> <span class='ocrx_word' id='word_1_223' title='bbox 391 2624 487 2702; x_wconf 91' lang='lat' dir='ltr'>primo</span> <span class='ocrx_word' id='word_1_224' title='bbox 506 2640 575 2684; x_wconf 86' lang='lat' dir='ltr'>vere</span> <span class='ocrx_word' id='word_1_225' title='bbox 590 2622 746 2685; x_wconf 90' lang='lat' dir='ltr'>collectum</span> <span class='ocrx_word' id='word_1_226' title='bbox 762 2625 984 2702; x_wconf 85' lang='lat' dir='ltr'>arefactumque</span> <span class='ocrx_word' id='word_1_227' title='bbox 999 2625 1149 2683; x_wconf 85' lang='lat' dir='ltr'>attritum</span> 
     </span>
     <span class='ocr_line' id='line_1_29' title="bbox 134 2710 1147 2789; baseline 0.002 -20"><span class='ocrx_word' id='word_1_228' title='bbox 134 2712 165 2770; x_wconf 93' lang='lat' dir='ltr'>in</span> <span class='ocrx_word' id='word_1_229' title='bbox 188 2711 308 2789; x_wconf 91' lang='lat' dir='ltr'>potione</span> <span class='ocrx_word' id='word_1_230' title='bbox 333 2710 434 2772; x_wconf 92' lang='lat' dir='ltr'>datum</span> <span class='ocrx_word' id='word_1_231' title='bbox 457 2711 661 2773; x_wconf 84' lang='lat' dir='ltr'>efficacissime</span> <span class='ocrx_word' id='word_1_232' title='bbox 683 2712 784 2774; x_wconf 86' lang='lat' dir='ltr'>vulsos</span> <span class='ocrx_word' id='word_1_233' title='bbox 808 2722 838 2774; x_wconf 90' lang='lat' dir='ltr'>et</span> <span class='ocrx_word' id='word_1_234' title='bbox 856 2714 1035 2773; x_wconf 89' lang='lat' dir='ltr'>reumaticos</span> <span class='ocrx_word' id='word_1_235' title='bbox 1055 2721 1147 2771; x_wconf 89' lang='lat' dir='ltr'>sanat.</span> 
     </span>
     <span class='ocr_line' id='line_1_30' title="bbox 81 2799 1149 2882; baseline -0.002 -21"><span class='ocrx_word' id='word_1_236' title='bbox 81 2811 116 2861; x_wconf 80' lang='lat'>51</span> <span class='ocrx_word' id='word_1_237' title='bbox 224 2799 269 2859; x_wconf 78' lang='lat' dir='ltr'>Ad</span> <span class='ocrx_word' id='word_1_238' title='bbox 294 2817 359 2881; x_wconf 88' lang='lat' dir='ltr'>eos,</span> <span class='ocrx_word' id='word_1_239' title='bbox 383 2803 435 2879; x_wconf 89' lang='lat' dir='ltr'>qui</span> <span class='ocrx_word' id='word_1_240' title='bbox 458 2803 632 2880; x_wconf 90' lang='lat' dir='ltr'>sanguinem</span> <span class='ocrx_word' id='word_1_241' title='bbox 654 2820 709 2882; x_wconf 92' lang='lat' dir='ltr'>per</span> <span class='ocrx_word' id='word_1_242' title='bbox 732 2821 765 2863; x_wconf 89' lang='lat' dir='ltr'>os</span> <span class='ocrx_word' id='word_1_243' title='bbox 791 2804 954 2882; x_wconf 90' lang='lat' dir='ltr'>proiciunt,</span> <span class='ocrx_word' id='word_1_244' title='bbox 983 2799 1149 2860; x_wconf 92' lang='lat' dir='ltr'>remedium</span> 
     </span>
     <span class='ocr_line' id='line_1_31' title="bbox 134 2887 1188 2969; baseline -0.003 -19"><span class='ocrx_word' id='word_1_245' title='bbox 134 2887 206 2950; x_wconf 91' lang='lat' dir='ltr'>tale:</span> <span class='ocrx_word' id='word_1_246' title='bbox 239 2887 346 2950; x_wconf 89' lang='lat' dir='ltr'>Testae</span> <span class='ocrx_word' id='word_1_247' title='bbox 376 2892 461 2951; x_wconf 86' lang='lat' dir='ltr'>nucis</span> <span class='ocrx_word' id='word_1_248' title='bbox 488 2893 609 2952; x_wconf 90' lang='lat' dir='ltr'>maioris</span> <span class='ocrx_word' id='word_1_249' title='bbox 637 2891 798 2953; x_wconf 91' lang='lat' dir='ltr'>conbustae</span> <span class='ocrx_word' id='word_1_250' title='bbox 827 2891 985 2969; x_wconf 84' lang='lat' dir='ltr'>diligenter</span> <span class='ocrx_word' id='word_1_251' title='bbox 1013 2897 1149 2949; x_wconf 90' lang='lat' dir='ltr'>terantur</span> <span class='ocrx_word' id='word_1_252' title='bbox 1162 2907 1188 2950; x_wconf 84' lang='lat' dir='ltr'>ao</span> 
     </span>
     <span class='ocr_line' id='line_1_32' title="bbox 135 2977 1149 3061; baseline -0.002 -23"><span class='ocrx_word' id='word_1_253' title='bbox 135 2986 165 3039; x_wconf 93' lang='lat' dir='ltr'>et</span> <span class='ocrx_word' id='word_1_254' title='bbox 188 2996 257 3039; x_wconf 88' lang='lat' dir='ltr'>eum</span> <span class='ocrx_word' id='word_1_255' title='bbox 281 2987 365 3040; x_wconf 91' lang='lat' dir='ltr'>aceto</span> <span class='ocrx_word' id='word_1_256' title='bbox 389 2979 509 3058; x_wconf 90' lang='lat' dir='ltr'>dentur;</span> <span class='ocrx_word' id='word_1_257' title='bbox 534 2979 584 3041; x_wconf 92' lang='lat' dir='ltr'>sed</span> <span class='ocrx_word' id='word_1_258' title='bbox 605 2982 632 3040; x_wconf 92' lang='lat' dir='ltr'>si</span> <span class='ocrx_word' id='word_1_259' title='bbox 649 2981 807 3061; x_wconf 84' lang='lat' dir='ltr'>febricitat,</span> <span class='ocrx_word' id='word_1_260' title='bbox 829 2981 878 3041; x_wconf 88' lang='lat' dir='ltr'>eui</span> <span class='ocrx_word' id='word_1_261' title='bbox 896 2977 1076 3038; x_wconf 91' lang='lat' dir='ltr'>medendum</span> <span class='ocrx_word' id='word_1_262' title='bbox 1094 2987 1149 3057; x_wconf 84' lang='lat' dir='ltr'>est,</span> 
     </span>
     <span class='ocr_line' id='line_1_33' title="bbox 135 3069 1148 3149; baseline -0.002 -21"><span class='ocrx_word' id='word_1_263' title='bbox 135 3085 204 3128; x_wconf 87' lang='lat' dir='ltr'>eum</span> <span class='ocrx_word' id='word_1_264' title='bbox 232 3085 322 3146; x_wconf 87' lang='lat' dir='ltr'>posca</span> <span class='ocrx_word' id='word_1_265' title='bbox 350 3070 473 3147; x_wconf 89' lang='lat' dir='ltr'>accipiat</span> <span class='ocrx_word' id='word_1_266' title='bbox 501 3087 555 3147; x_wconf 95' lang='lat' dir='ltr'>pro</span> <span class='ocrx_word' id='word_1_267' title='bbox 583 3069 685 3149; x_wconf 86' lang='lat' dir='ltr'>modo,</span> <span class='ocrx_word' id='word_1_268' title='bbox 713 3077 747 3130; x_wconf 90' lang='lat' dir='ltr'>ut</span> <span class='ocrx_word' id='word_1_269' title='bbox 770 3086 875 3129; x_wconf 88' lang='lat' dir='ltr'>causae</span> <span class='ocrx_word' id='word_1_270' title='bbox 900 3075 970 3127; x_wconf 92' lang='lat' dir='ltr'>sunt</span> <span class='ocrx_word' id='word_1_271' title='bbox 993 3074 1044 3126; x_wconf 89' lang='lat' dir='ltr'>aut</span> <span class='ocrx_word' id='word_1_272' title='bbox 1068 3076 1148 3127; x_wconf 90' lang='lat' dir='ltr'>aetas</span> 
     </span>
     <span class='ocr_line' id='line_1_34' title="bbox 134 3156 1149 3236; baseline -0.003 -19"><span class='ocrx_word' id='word_1_273' title='bbox 134 3158 225 3217; x_wconf 92' lang='lat' dir='ltr'>unius</span> <span class='ocrx_word' id='word_1_274' title='bbox 249 3158 396 3235; x_wconf 88' lang='lat' dir='ltr'>cuiusque</span> <span class='ocrx_word' id='word_1_275' title='bbox 418 3158 544 3236; x_wconf 88' lang='lat' dir='ltr'>patitur,</span> <span class='ocrx_word' id='word_1_276' title='bbox 572 3156 602 3216; x_wconf 94' lang='lat' dir='ltr'>id</span> <span class='ocrx_word' id='word_1_277' title='bbox 627 3165 729 3216; x_wconf 91' lang='lat' dir='ltr'>estut</span> <span class='ocrx_word' id='word_1_278' title='bbox 752 3158 840 3217; x_wconf 92' lang='lat' dir='ltr'>unius</span> <span class='ocrx_word' id='word_1_279' title='bbox 863 3158 950 3216; x_wconf 91' lang='lat' dir='ltr'>nucis</span> <span class='ocrx_word' id='word_1_280' title='bbox 977 3164 1071 3216; x_wconf 90' lang='lat' dir='ltr'>testae</span> <span class='ocrx_word' id='word_1_281' title='bbox 1097 3162 1149 3216; x_wconf 93' lang='lat' dir='ltr'>aut</span> 
     </span>
     <span class='ocr_line' id='line_1_35' title="bbox 134 3243 696 3305; baseline 0.002 -1"><span class='ocrx_word' id='word_1_282' title='bbox 134 3244 261 3305; x_wconf 88' lang='lat' dir='ltr'>duarum</span> <span class='ocrx_word' id='word_1_283' title='bbox 286 3243 330 3303; x_wconf 92' lang='lat' dir='ltr'>vel</span> <span class='ocrx_word' id='word_1_284' title='bbox 355 3247 442 3304; x_wconf 92' lang='lat' dir='ltr'>etiam</span> <span class='ocrx_word' id='word_1_285' title='bbox 465 3247 555 3304; x_wconf 79' lang='lat' dir='ltr'>tritam</span> <span class='ocrx_word' id='word_1_286' title='bbox 579 3245 696 3305; x_wconf 90' lang='lat' dir='ltr'>dentur.</span> 
     </span>
    </p>
   </div>
   <div class='ocr_carea' id='block_1_3' title="bbox 224 3377 1148 3450">
    <p class='ocr_par' dir='ltr' id='par_1_5' title="bbox 224 3377 1148 3450">
     <span class='ocr_line' id='line_1_36' title="bbox 224 3377 1148 3450; baseline 0.005 -20"><span class='ocrx_word' id='word_1_287' title='bbox 224 3377 398 3432; x_wconf 76' lang='lat' dir='ltr'>ainarescit.</span> <span class='ocrx_word' id='word_1_288' title='bbox 486 3377 658 3432; x_wconf 72' lang='lat' dir='ltr'>tistuoam.</span> <span class='ocrx_word' id='word_1_289' title='bbox 741 3379 918 3450; x_wconf 73' lang='lat' dir='ltr'>esingultis.</span> <span class='ocrx_word' id='word_1_290' title='bbox 1005 3380 1148 3435; x_wconf 80' lang='lat' dir='ltr'>eseillici.</span> 
     </span>
    </p>
   </div>
   <div class='ocr_carea' id='block_1_4' title="bbox 124 3448 1150 3584">
    <p class='ocr_par' dir='ltr' id='par_1_6' title="bbox 124 3448 1150 3584">
     <span class='ocr_line' id='line_1_37' title="bbox 135 3448 1150 3572; baseline 0.004 -70"><span class='ocrx_word' id='word_1_291' title='bbox 135 3448 333 3572; x_wconf 47' lang='lat' dir='ltr'>lbltbriapgonis.</span> <span class='ocrx_word' id='word_1_292' title='bbox 410 3453 445 3502; x_wconf 79' lang='lat'>20</span> <span class='ocrx_word' id='word_1_293' title='bbox 462 3449 756 3520; x_wconf 80' lang='lat' dir='ltr'>quantolumcumque.</span> <span class='ocrx_word' id='word_1_294' title='bbox 838 3457 872 3506; x_wconf 79' lang='grc'>23</span> <span class='ocrx_word' id='word_1_295' title='bbox 893 3452 1002 3508; x_wconf 80' lang='lat' dir='ltr'>occulte</span> <span class='ocrx_word' id='word_1_296' title='bbox 1020 3452 1084 3507; x_wconf 84' lang='lat' dir='ltr'>loca</span> <span class='ocrx_word' id='word_1_297' title='bbox 1102 3452 1150 3506; x_wconf 86' lang='lat' dir='ltr'>vel</span> 
     </span>
     <span class='ocr_line' id='line_1_38' title="bbox 124 3534 736 3584; baseline 0.003 -16"><span class='ocrx_word' id='word_1_298' title='bbox 124 3534 151 3584; x_wconf 82' lang='lat' dir='ltr'>p</span> <span class='ocrx_word' id='word_1_299' title='bbox 181 3534 231 3573; x_wconf 81' lang='lat' dir='ltr'>ron</span> <span class='ocrx_word' id='word_1_300' title='bbox 249 3535 285 3573; x_wconf 78' lang='lat' dir='ltr'>m,</span> <span class='ocrx_word' id='word_1_301' title='bbox 727 3556 736 3570; x_wconf 83' lang='lat'>.</span> 
     </span>
    </p>
   </div>
   <div class='ocr_carea' id='block_1_5' title="bbox 0 0 1228 3802">
    <p class='ocr_par' dir='ltr' id='par_1_7' title="bbox 0 0 1228 3802">
     <span class='ocr_line' id='line_1_39' title="bbox 0 0 1228 3802; baseline 0 0"><span class='ocrx_word' id='word_1_302' title='bbox 0 0 1228 3802; x_wconf 95' lang='lat' dir='ltr'> </span> 
     </span>
    </p>
   </div>
  </div>
 </body>
</html>
