2438 3802
496 159 735 223 -227-

110 322 181 382 losis
195 321 268 382 haec
283 322 459 403 conpositio,
476 321 529 381 sed
544 321 580 382 ad
596 339 699 382 omnes
714 338 818 382 causas
833 323 942 383 ieiunis
957 333 986 384 et
1000 327 1126 386 maxime

111 410 235 488 digestis
259 419 427 489 opportune
451 410 516 470 dari
539 410 636 470 debet.

198 499 243 559 hd
266 499 399 559 dolorem
426 500 568 559 iocineris
595 499 752 578 physicum
779 501 945 561 remedIum
974 503 1030 562 sic:
1063 501 1126 563 Cal·
1145 517 1178 567 21

111 587 195 648 culus
224 589 286 648 sive
313 587 443 668 lapillus,
472 589 524 667 qui
550 607 567 648 a
590 587 738 649 calculoso
762 588 854 652 fuerit
877 591 1005 672 eiectus,
1034 608 1125 670 super

83 680 193 738 ciecur
217 675 345 738 dolentis
368 676 504 754 alligatus
528 678 629 737 statim
650 677 794 756 proderit.

198 764 306 845 Glycea
328 772 397 844 pota
420 772 451 826 et
469 772 603 825 ventrem
621 765 730 828 laxabit
749 775 779 828 et
797 768 923 827 iocineri
940 767 1075 846 proderit
1095 776 1124 829 et
1143 783 1178 831 22

109 854 268 932 digestioni
291 853 436 914 stomachi
459 853 662 935 opitulabitur,
687 873 775 933 quam
797 854 929 935 glyceam
955 857 998 916 sic
1018 856 1124 918 facies:

108 943 193 1003 Aceti
211 939 243 1003 ἃ
262 941 286 1023 l,
307 941 402 1003 mellis
421 942 452 1003 P.
471 942 508 1023 ll,
530 943 609 1004 aloes
631 975 667 986 -
689 942 738 1018 ΙΙΙ,
762 944 884 1006 feniculi
903 945 1019 1006 radices
1037 945 1068 1006 P.
1088 945 1124 1027 ll,

109 1050 181 1110 quas
201 1031 315 1092 sublata
335 1033 447 1092 cortice
467 1031 624 1111 diligenter
643 1032 770 1093 siccabis
789 1040 819 1093 et
838 1034 946 1094 tundes
961 1041 1050 1112 atque
1064 1053 1124 1094 una

67 1136 93 1176 1o
109 1127 195 1181 nocte
214 1122 246 1180 iu
265 1128 350 1181 aceto
368 1120 541 1201 macerabis,
559 1128 678 1200 postera
698 1139 768 1182 vero
786 1122 833 1182 die
848 1140 997 1201 excoques
1012 1122 1048 1183 ad
1063 1141 1123 1183 me-

108 1208 170 1269 dias
190 1217 221 1270 et
240 1207 360 1288 colabis,
384 1217 456 1270 tunc
479 1209 658 1270 admiscebis
675 1210 735 1270 mel
753 1218 783 1270 et
808 1228 920 1289 coques
940 1210 1124 1271 sufficienter

107 1305 195 1376 atque
210 1297 246 1358 ab
261 1299 330 1376 igne
345 1297 494 1359 sublatum
504 1298 705 1377 refrigerabis,
715 1308 749 1359 ut
762 1307 907 1379 tepescat3
921 1307 1025 1377 postea
1038 1298 1124 1360 aloen

107 1395 188 1446 teres
207 1393 237 1447 et
255 1385 404 1466 miscebis,
428 1395 581 1466 praeterea
601 1389 660 1465 apii
678 1387 781 1448 viridis
800 1405 934 1467 pugnum
952 1386 1074 1466 plenum
1093 1395 1124 1448 ot

106 1475 282 1536 tantundem
296 1481 380 1536 rutae
395 1475 499 1536 vlridis
513 1475 612 1536 addes.
641 1475 720 1537 llaec
734 1479 832 1536 omnia
847 1476 883 1537 ad
898 1476 1123 1555 spissitudinem

65 1578 92 1621 1⁶
107 1564 203 1625 mellis
217 1571 301 1625 cocta
316 1563 427 1624 colabis
442 1572 472 1625 et
486 1565 677 1643 refrigerabis
691 1574 779 1644 atque
794 1565 862 1626 inde
878 1565 1021 1626 coclearia
1037 1573 1122 1626 terna

106 1672 175 1714 cum
198 1671 275 1732 aqua
297 1651 391 1713 calida
412 1654 513 1714 ieiuno
538 1661 568 1714 et
591 1655 705 1733 digesto
728 1672 783 1732 per
806 1655 940 1714 triduum
964 1653 1056 1714 dabis.

195 1741 269 1802 Item
298 1741 333 1802 ad
361 1743 502 1803 iocineris
528 1742 661 1803 dolorem
683 1743 850 1804 remedium
874 1745 930 1804 sic:
962 1742 1120 1823 Lupinum,
1140 1757 1174 1806 23

107 1829 297 1911 absinthium,
315 1838 442 1913 costum,
463 1831 581 1894 faenum
601 1849 749 1911 graecum,
769 1831 821 1891 sed
843 1831 920 1910 quod
941 1839 1054 1892 tostum
1073 1833 1120 1912 sit,

106 1921 172 1998 pari
194 1919 334 1997 pondere.
370 1918 450 1980 Haec
475 1922 553 1980 sicca
577 1921 684 1981 tundes
709 1928 738 1980 et
757 1920 857 1981 cribro
877 1919 1045 1980 medicinali
1064 1923 1120 1981 cri-

65 2021 92 2061 so
106 2006 220 2088 brabis3
247 2007 326 2068 unde
354 2009 455 2069 ieiuno
484 2008 617 2069 cocleare
644 2026 827 2087 propensum
856 2027 891 2068 ex
920 2026 995 2086 aqua
1026 2009 1120 2070 calida

104 2114 160 2174 per
182 2095 315 2157 triduum
339 2096 436 2178 dabis3
460 2097 539 2176 quod
558 2098 737 2158 intermissis
756 2096 869 2175 aliquot
888 2096 994 2157 diebus
1012 2115 1119 2159 rursus

103 2203 159 2263 per
178 2185 311 2246 triduum
329 2185 466 2246 similiter
484 2185 646 2248 thendum
665 2185 757 2246 dabis.
792 2185 940 2246 Memento
959 2193 1067 2266 tamen,
1087 2197 1120 2247 ut

104 2274 223 2335 faenum
243 2291 384 2352 graecum
402 2274 560 2353 diligenter
578 2281 738 2356 torreatur,
761 2282 795 2336 ut
813 2274 889 2336 bene
911 2275 997 2335 tundi
1015 2277 1119 2355 possit,

104 2373 134 2424 et
156 2365 254 2423 omnia
278 2362 424 2444 observet,
449 2382 524 2443 quae
549 2365 626 2424 infra
647 2365 759 2442 scripta
778 2371 858 2445 sunt,
882 2366 933 2443 qui
953 2365 1117 2425 remedium

61 2463 88 2506 ac
103 2461 282 2531 accepturus
305 2453 371 2513 erit.

191 2539 278 2600 Iecur
297 2540 360 2619 lupi
379 2540 528 2604 sublatum
546 2542 615 2604 luna
635 2543 828 2603 decrescente
847 2543 879 2601 in
898 2541 979 2602 fumo
995 2543 1117 2619 ponitur
1137 2553 1172 2603 24

103 2635 133 2688 et
156 2647 224 2689 cum
244 2630 388 2690 siccatum
406 2638 460 2709 est,
485 2633 607 2710 teritur3
629 2631 699 2692 iude
719 2630 866 2709 parIIcula
884 2632 956 2692 trita
973 2632 1117 2692 miscetur

102 2715 219 2795 pulveri
246 2719 349 2796 aequis
376 2718 565 2797 portionibus
592 2719 669 2780 facto
696 2719 732 2778 de
756 2720 842 2779 faeno
866 2737 986 2799 graeco,
1014 2718 1116 2798 lupino

103 2811 134 2865 et
156 2805 304 2869 absinthio
328 2814 358 2866 et
381 2815 472 2887 costo,
496 2810 537 2868 ita
556 2814 590 2867 ut
608 2826 644 2867 ex
664 2825 708 2886 eo,
732 2806 811 2884 quod
830 2808 862 2866 iu
880 2825 915 2866 se
934 2813 1029 2868 totum
1048 2825 1116 2884 per-

61 2906 88 2947 ao
102 2894 227 2956 mixtum
250 2896 351 2976 fuerit,
374 2913 514 2956 mensura
538 2894 680 2955 coclearis
703 2893 847 2954 cumulati
867 2893 955 2954 detur
974 2893 1010 2953 ad
1029 2894 1116 2967 diem,

102 3000 162 3043 non
184 2983 367 3045 febricitanti
390 3001 426 3044 ex
445 2985 513 3043 vino
533 2983 634 3062 mirto,
658 2984 682 3042 si
701 2980 892 3061 febricitabit,
915 2999 951 3041 ex
972 2999 1048 3060 aqua
1067 2983 1116 3062 ita,

102 3080 136 3132 ut
163 3090 217 3151 per
245 3074 379 3134 triduum
407 3072 463 3133 hoc
492 3072 675 3132 medicamen
703 3071 822 3130 ieiunus
848 3071 972 3149 accipiat
996 3078 1026 3130 et
1048 3086 1115 3148 por-

102 3168 184 3222 recto
213 3161 335 3222 brachio
363 3164 393 3221 in
423 3162 527 3223 dextro
556 3160 648 3222 latere
671 3159 717 3219 rel
745 3157 893 3219 semihora
915 3161 1022 3239 iaceat,
1045 3158 1115 3218 inde

101 3248 269 3312 diutissime
293 3250 461 3313 deambulet
484 3259 514 3313 et
536 3249 705 3311 tardissime
729 3247 830 3310 cibum
850 3256 947 3308 sumat
965 3255 995 3309 et
1014 3247 1114 3308 obser·

191 3391 207 3438 2
227 3387 372 3454 oportune.
440 3403 459 3441 a
477 3386 618 3442 uocabulis
636 3385 698 3440 dari
717 3383 802 3440 debet
819 3383 922 3440 desiccet
935 3383 1018 3439 codsa
1031 3398 1115 3452 usque

101 3455 138 3510 ad
155 3455 257 3525 XXIII,
276 3461 310 3511 84
331 3456 368 3510 ad
386 3457 472 3526 pedes
490 3457 548 3512 lien
567 3455 688 3513 decidet.
798 3461 813 3510 'l
833 3453 985 3526 dIgesiioni
1001 3455 1119 3520 scripsi:

100 3525 288 3598 digestionem
308 3527 469 3584 Coronatur.
542 3528 682 3634 8pudio'rs
701 3527 871 3588 ommam.
924 3610 985 3670 w
