2438 3802
475 169 717 233 -317-

179 329 340 393 Cucurbita
368 330 499 391 silvatica
527 331 613 411 trita,
644 348 733 409 quam
761 329 867 392 Graeci
896 330 1138 412 colocynthidas

90 429 204 502 vocant,
227 420 357 481 detrahit
378 438 434 499 per
452 425 586 479 ventrem
605 427 635 480 et
652 421 790 498 pituitam
810 427 841 480 et
858 419 948 480 bilem
967 419 1103 503 luridam,

90 527 313 588 nonnumquam
332 515 363 570 et
381 517 475 569 atram
494 508 635 568 deorsum
652 526 757 569 versus
771 515 865 590 vocat,
884 511 993 570 sicum
1008 509 1104 571 mulsa

90 617 166 679 aqua
190 599 286 659 detur.
327 597 401 658 ltem
427 599 597 659 cucumeris
621 598 743 675 anguini
765 597 850 658 radix
873 607 903 659 et
926 599 991 658 eius
1014 617 1104 677 quem
1124 615 1157 664 10

64 689 207 749 sedimus
230 687 360 748 detrahit
382 685 485 767 bilem,
509 686 562 747 sed
585 687 708 765 anguini
729 687 839 748 radicis
858 694 960 748 cortex
980 688 1104 748 eandem

91 780 150 838 vim
175 794 263 855 quam
285 783 435 836 veratrum
458 774 560 856 habet,
588 777 647 836 nisi
670 777 740 854 quia
761 775 849 856 paulo
873 779 1027 837 remissior
1050 784 1105 858 est,

92 875 122 927 et
144 865 239 926 multo
263 866 356 943 magis
379 863 493 925 viribus
516 871 599 925 caret
622 882 711 944 quam
731 867 910 948 cucumeris,
937 884 1026 945 quem
1045 865 1105 926 edi-

90 973 166 1015 mus.
212 953 342 1032 Anguini
371 971 442 1032 ergo
473 954 643 1015 cucumeris
671 953 736 1014 dari
763 961 882 1034 oportet
910 954 1040 1015 hvis
1069 973 1105 1015 ex

91 1061 167 1122 aqua
189 1042 298 1123 mulsa,
322 1042 452 1103 detrahit
475 1045 554 1103 enim
577 1043 719 1122 pituitosa
745 1049 775 1103 et
797 1043 912 1125 biliosa,
935 1045 1105 1104 cucumeris

51 1150 77 1190 1o
92 1151 181 1211 quem
200 1132 316 1193 edimus
335 1131 445 1192 radicis
464 1131 529 1192 dari
547 1138 665 1210 oportet
679 1130 705 1191 ll
718 1130 773 1191 llll
792 1131 929 1193 similiter
947 1132 994 1192 vel
1012 1133 1106 1211 sparti

93 1223 214 1282 seminis
232 1221 421 1302 tantundem,
440 1221 578 1282 similiter
596 1227 627 1282 et
640 1220 726 1280 iridis
740 1221 857 1282 radices
872 1221 956 1281 datae
970 1227 1105 1300 prosunt.

180 1309 254 1371 ltem
273 1311 406 1390 thapsiae
425 1310 541 1372 radices
560 1310 697 1389 pituitam
717 1316 747 1370 et
765 1309 855 1371 bilem
874 1309 1036 1370 detrahunt
1049 1327 1104 1370 nec
1126 1325 1158 1373 11

91 1402 191 1460 minus
220 1399 404 1480 epithymon3
431 1407 584 1478 praestant
611 1398 668 1458 hoc
691 1397 811 1480 melius,
840 1398 919 1476 quod
943 1400 1053 1459 atriora
1077 1405 1107 1458 et

93 1491 206 1550 acriora
230 1489 394 1570 deducunt3
419 1496 449 1548 et
472 1488 564 1549 herba
586 1486 750 1549 urceolaris
774 1505 850 1568 quae
873 1486 1038 1568 appellatur
1057 1486 1106 1546 de-

52 1595 79 1636 1⁵
93 1577 185 1640 trahit
207 1577 313 1638 biliosa
336 1585 367 1638 et
389 1579 555 1657 aquatiora;
581 1594 649 1637 nam
672 1577 779 1658 cunila,
803 1595 891 1656 quam
915 1576 1022 1637 Graeci
1044 1576 1107 1636 oni·

93 1669 146 1728 tim
169 1675 288 1747 vocant,
317 1666 447 1727 detrahit
470 1667 621 1745 aquatiora
646 1683 700 1744 per
723 1668 880 1747 vomitum3
908 1684 1014 1744 aquam
1036 1682 1106 1725 vero

94 1757 185 1816 solam
213 1755 335 1816 deducit
362 1758 439 1816 mori
464 1754 585 1816 lacrima
608 1754 654 1815 vel
677 1755 761 1815 radix
783 1757 902 1816 incocta
924 1755 1009 1834 potui
1032 1753 1107 1814 data.

93 1845 149 1905 lris
173 1844 315 1924 calefacit,
338 1844 433 1924 solvit,
456 1851 573 1925 purgat,
596 1847 765 1925 concoquit,
787 1844 897 1904 ulceris
921 1861 1040 1922 quoque
1064 1844 1107 1903 in·
1128 1855 1160 1903 12

93 1936 172 1994 terni
200 1933 326 1993 duritias
353 1933 448 1993 mollit
476 1941 506 1993 et
529 1935 641 1993 ventris
665 1935 822 1994 stricturas
846 1941 952 1993 movet.
993 1931 1107 1992 lrinum
1128 1944 1160 1993 13

52 2038 79 2078 eo
94 2023 192 2083 oleum
211 2040 266 2100 per
284 2021 442 2101 clysterem
460 2023 617 2082 inmissum
636 2024 778 2101 pituitosa
797 2029 828 2083 et
846 2029 952 2100 aquata
970 2029 1000 2082 et
1016 2038 1108 2098 puru-

93 2110 173 2172 lenta
197 2117 227 2171 et
248 2118 311 2171 atra
334 2110 469 2193 deducit3
492 2111 593 2189 polion
612 2129 682 2170 vero
701 2109 807 2171 biliosa
825 2119 856 2171 et
875 2117 938 2171 atra
957 2109 1022 2170 oleo
1041 2109 1108 2169 cha·

93 2199 269 2261 maemelino
288 2201 380 2260 mixto
399 2218 455 2278 per
473 2199 561 2260 sellas
575 2199 709 2282 deducit;
728 2201 894 2261 scamoniae
909 2216 1000 2260 sucus
1016 2196 1108 2259 solam

93 2288 223 2350 detrahit
241 2287 340 2367 bilem,
359 2288 448 2350 datur
467 2307 503 2349 ex
520 2307 596 2368 aqua
609 2288 646 2349 ad
662 2289 777 2349 denarii
792 2290 945 2349 semissem
960 2295 991 2349 et
1003 2288 1108 2347 tertias

93 2381 158 2440 eius
173 2396 242 2439 cum
257 2377 325 2439 salis
335 2376 361 2437 ll
372 2380 513 2458 quinque,
529 2377 581 2438 sed
596 2377 748 2439 stomacho
763 2378 881 2438 infirmo
892 2395 952 2438 non
962 2377 1108 2438 convenit.

52 2481 79 2523 as
182 2466 334 2528 Elaterion
361 2474 470 2546 purgat
497 2485 618 2528 sursum
645 2485 700 2546 per
724 2469 880 2548 vomitum,
908 2484 1013 2546 aquam
1037 2483 1107 2526 vero
1129 2476 1162 2524 14

94 2556 233 2618 deorsum
258 2563 288 2617 et
310 2557 448 2637 pituitam
471 2564 501 2616 et
523 2554 613 2616 bilem
632 2558 728 2616 omnis
747 2559 866 2635 generis
885 2555 1019 2634 deducit3
1041 2553 1109 2632 plus

94 2653 194 2706 autem
224 2647 289 2705 eius
321 2663 409 2724 quam
439 2646 588 2705 victoriati
616 2647 734 2705 tertiam
761 2653 877 2724 partem
904 2662 964 2704 non
993 2650 1110 2721 oportet

94 2734 172 2813 dari3
193 2733 372 2813 cyclaminos
391 2752 461 2794 vero
478 2733 607 2794 detrahit
621 2751 675 2811 per
691 2733 778 2793 sellas
792 2735 929 2811 pituitam
945 2741 975 2792 et
989 2749 1108 2810 aquam3

94 2821 279 2900 hippophaes
297 2821 427 2882 detrahit
445 2824 584 2900 pituitam
603 2829 633 2881 et
646 2820 779 2900 liquores
793 2827 924 2899 aquatos,
944 2819 1031 2878 datur
1045 2820 1110 2878 eius

53 2925 81 2965 eo
96 2911 184 2969 uncia
207 2929 276 2971 cum
300 2928 376 2989 aqua
398 2910 507 2990 mulsa3
531 2909 665 2971 eiusdem
687 2927 805 2987 quoque
824 2907 944 2968 lacrima
963 2906 1111 2966 victoriati

95 2997 237 3076 ponderis
260 2999 327 3058 data
348 3017 384 3060 ex
404 3017 479 3080 aqua
498 2999 594 3060 nrulsa
612 2996 701 3058 bilem
719 3004 836 3078 purgat,
858 3013 927 3056 nam
946 2994 1029 3055 radix
1048 3000 1111 3053 tan-

95 3095 159 3147 tum
183 3106 288 3166 aquam
311 3087 441 3149 deducit.

185 3175 345 3237 Centaurei
363 3179 462 3238 tenuis
482 3194 582 3257 sucus,
604 3183 747 3256 quantum
765 3193 827 3235 nux
846 3173 976 3235 avellana
995 3173 1111 3252 recipit,
1132 3182 1164 3232 15

96 3273 185 3344 potus
211 3284 247 3326 ex
271 3283 346 3344 aqua
369 3265 466 3327 mulsa
488 3273 623 3326 ventrem
648 3265 742 3326 solvit.
784 3263 859 3326 ltem
882 3261 992 3324 herbae
1016 3263 1111 3341 ipsius

186 3401 334 3458 eversori.
400 3403 464 3456 iel
482 3417 533 3458 cm.
598 3405 631 3455 12
650 3362 791 3470 thapsiae]
810 3397 906 3454 thiasi.
972 3402 1004 3451 13
1024 3395 1112 3465 ephy-

94 3471 194 3528 timon.
269 3477 302 3528 lb
322 3471 441 3528 cunicla.
515 3488 629 3527 onecon.
703 3476 738 3526 20
757 3471 887 3540 clystere.
958 3472 994 3522 ‘ts
1012 3467 1118 3532 limno-

95 3544 197 3618 phaes]
215 3544 408 3615 hippomanes.
482 3549 517 3600 38
537 3544 707 3601 centaureae
728 3545 790 3602 dan.
