2438 3802
483 145 727 210 -225—

95 309 240 370 coclearia
264 309 391 386 accipiet
415 310 549 387 epaticus
573 310 691 368 ieiunus
715 311 799 368 etin
823 328 857 370 eo
880 310 972 372 latere
997 313 1111 375 diutule

95 397 215 478 iacebit3
245 397 353 457 deinde
382 396 544 457 ambulabit
568 405 598 456 et
621 415 675 476 per
698 393 832 459 triduum
855 403 1032 462 contionum
1056 403 1111 463 hoc

94 487 279 547 medicamen
303 487 429 565 accipiet
453 486 589 546 similiter
613 484 780 547 observans.

183 575 311 635 Prodest
337 576 463 634 mIrifice
491 575 564 635 haec
590 576 754 653 conpositio
775 576 811 636 ad
835 585 982 637 tumorem
1007 587 1036 639 et
1060 579 1164 642 do-16

66 665 187 724 olorem
207 682 275 724 cum
295 663 430 724 duritia
422 665 563 724 iocineris
583 670 613 722 et
630 663 726 744 lleniS,
745 666 817 725 item
837 665 874 726 ad
893 669 1010 727 reulum
1029 668 1109 729 dolo·

96 771 158 811 rem
186 751 261 812 bene
290 752 375 831 lacit;
406 770 474 811 nam
502 760 532 812 et
560 751 691 812 colorem
719 755 854 831 corporis
883 756 1030 836 restituit,
1059 759 1111 835 qui

94 849 218 918 propter
245 842 315 900 vilia
343 858 433 918 supra
462 840 608 900 dictarum
636 842 766 920 partium
795 845 999 922 corrumpitur
1028 845 1110 923 palli·

94 930 211 1008 dusque
230 931 421 1008 conspicitur.
450 928 575 989 Prodest
591 929 648 989 hoc
663 928 742 989 idem
756 931 1007 992 medicamentum
1021 936 1110 994 etiam

94 1018 129 1078 ad
154 1036 247 1097 aquae
271 1020 464 1098 mutationes,
488 1017 518 1077 id
542 1027 588 1078 est
611 1017 647 1077 ad
670 1017 847 1101 hydropem,
872 1021 1029 1082 conficitur
1053 1025 1110 1084 sic:

53 1125 79 1163 ro
95 1105 181 1167 Croci
201 1105 276 1186 XX,
295 1107 381 1166 nardi
400 1105 475 1186 XII,
495 1109 591 1167 casiae
606 1105 631 1165 X
646 1106 682 1186 Il,
702 1110 778 1168 costi
792 1107 818 1168 X
832 1109 845 1168 l
862 1109 890 1190 S,
912 1110 1034 1171 schoeni
1049 1111 1074 1170 X
1089 1111 1110 1190 I,

96 1197 226 1257 cinnami
238 1194 264 1253 X
278 1195 300 1275 I,
315 1213 430 1274 myrrae
445 1203 556 1256 stactae
571 1195 597 1255 X
610 1195 632 1276 I,
646 1195 742 1256 mellis
757 1199 863 1276 optimi
878 1197 1008 1279 XXXV,
1023 1199 1111 1259 datur

96 1286 195 1344 ieiuno
221 1291 365 1362 quantum
389 1283 455 1344 laba
479 1293 524 1344 est
546 1285 687 1364 Aegyptia
711 1303 747 1344 ex
770 1285 860 1346 mulsi
880 1286 993 1365 cyathis
1012 1287 1074 1348 1111.

185 1372 360 1433 Remedium
379 1373 483 1434 ellicax
502 1373 538 1433 ad
557 1375 697 1434 iocinerIs
717 1373 857 1434 duritiam
872 1383 1012 1457 veterem,
1031 1376 1110 1455 quod
1130 1389 1164 1437 17

96 1469 126 1520 et
148 1461 328 1541 hydropicos
352 1469 381 1522 et
404 1461 533 1522 lienosos
557 1470 587 1522 et
611 1471 750 1542 arquatos
779 1470 809 1523 et
833 1463 942 1543 quihus
965 1482 1040 1542 opus
1065 1473 1111 1526 est

54 1567 80 1607 15
96 1552 206 1610 moveri
225 1553 343 1610 urinam
362 1553 568 1630 potentissime
585 1558 677 1632 sanat,
695 1551 893 1614 muliebribus
909 1572 1027 1632 quoque
1042 1572 1110 1614 cau-

95 1641 136 1698 sis
159 1639 293 1720 prodest3
322 1658 389 1699 nam
418 1647 448 1700 et
477 1658 512 1700 ex
535 1642 624 1719 partu
647 1641 767 1701 residua
790 1650 898 1720 purgat
921 1650 951 1702 et
974 1644 1110 1702 mammis

94 1727 279 1787 tumentibus
297 1728 428 1806 prodest.
465 1728 594 1790 Perduci
612 1729 694 1808 illud,
712 1729 743 1788 id
763 1736 809 1789 est
829 1733 934 1811 potari,
957 1749 993 1791 ex
1012 1731 1108 1791 mulso

95 1817 163 1874 vino
192 1824 322 1896 oportet,
350 1817 508 1877 conficitur
532 1821 588 1879 sic:
625 1818 716 1877 linesi
738 1816 764 1876 X
787 1816 880 1899 VIIII,
906 1819 992 1881 dauci
1017 1818 1109 1900 XIII,

95 1903 269 1982 petroselini
282 1904 369 1986 idem,
383 1907 514 1983 iuniperi
527 1907 616 1986 idem,
633 1906 696 1966 silis
710 1905 797 1986 idem,
812 1908 996 1985 tragacanthi
1010 1907 1036 1967 X
1050 1907 1063 1966 I
1079 1908 1108 1989 S,

53 2010 80 2050 ao
94 1994 215 2071 panacis
238 1993 345 2053 radicis
368 1993 489 2075 XVIII,
513 1997 579 2075 iris,
602 2013 732 2074 myrrae,
755 1997 844 2076 costi,
868 1999 985 2078 amomi,
1008 1999 1108 2075 singu-

94 2082 191 2141 lorum
214 2080 240 2141 X
264 2099 364 2162 senos,
393 2084 523 2143 cinnami
546 2082 644 2164 XIII,
672 2085 767 2144 casiae
787 2082 836 2164 Vl,
865 2087 1003 2166 smyrnii,
1028 2085 1108 2164 quod

94 2179 139 2230 est
163 2189 264 2231 semen
285 2170 398 2231 holeris
416 2173 473 2231 atri
492 2171 518 2231 X
537 2171 610 2252 VIII,
633 2172 719 2232 nardi
738 2171 877 2252 Syriacae
896 2173 922 2232 X
940 2173 1003 2253 IIII,
1027 2177 1109 2234 acori

92 2258 118 2319 X
138 2257 210 2340 Vlll,
233 2258 357 2319 balsami
381 2262 502 2320 seminis
526 2260 552 2321 X
572 2260 621 2342 VI,
646 2263 706 2340 opii
729 2260 805 2342 XV,
829 2263 892 2323 ervi
915 2262 1010 2323 moliti
1034 2261 1065 2322 8
1084 2264 1106 2343 Ι,

93 2347 192 2408 scillae
221 2355 322 2408 coetae
347 2347 429 2427 XII,
457 2351 517 2409 vini
545 2350 610 2411 Chii
638 2358 689 2410 aut
713 2349 813 2410 Lesbii
841 2351 920 2430 quod
944 2354 1016 2413 satis
1040 2354 1107 2413 erit.

52 2453 78 2494 aa
91 2435 205 2496 Pastilli
237 2455 274 2496 ex
306 2436 353 2496 his
384 2439 415 2496 in
452 2438 605 2518 pulverem
641 2440 771 2500 redactis
804 2441 878 2500 liunt
916 2441 1107 2502 denariorum

93 2526 186 2585 duum
209 2524 256 2584 vel
279 2527 369 2585 trium
394 2534 423 2586 et
446 2527 555 2589 dantur
578 2547 647 2589 cunr
670 2547 745 2607 opus
770 2536 815 2589 est
834 2548 871 2589 ex
889 2529 986 2591 mulso
1005 2532 1106 2591 ieiuno

93 2623 123 2674 et
146 2613 269 2692 digesto.

181 2703 351 2786 Antidotos,
379 2723 454 2783 quae
478 2705 590 2785 Zopyre
614 2706 737 2785 dicitur,
766 2708 837 2766 lacit
863 2724 922 2766 non
950 2707 1045 2767 solum
1069 2707 1105 2767 ad
1128 2719 1160 2767 18

92 2792 245 2873 iocineris,
274 2792 326 2852 sed
355 2801 384 2853 et
410 2794 445 2853 ad
469 2793 570 2854 lateris
594 2801 624 2853 et
647 2794 683 2854 ad
706 2796 838 2871 pectoris
861 2806 891 2853 et
914 2795 950 2854 ad
975 2797 1105 2855 vessicae

50 2898 78 2938 ao
93 2879 211 2941 dolores
235 2890 265 2941 et
288 2882 323 2941 ad
342 2884 449 2943 tussim
467 2889 597 2941 veterem
617 2889 647 2941 et
666 2881 702 2940 ad
721 2881 899 2959 hydropicos
919 2889 948 2941 et
967 2890 1107 2959 arquatos

92 2978 123 3028 et
145 2969 275 3030 lienosos
300 2979 330 3030 et
353 2970 388 3030 ad
416 2987 480 3050 eos,
505 2971 556 3046 qui
579 2968 654 3028 mala
676 2968 892 3029 medicamenta
915 2972 1107 3050 sumpserint,

93 3076 168 3137 quae
192 3061 254 3119 sive
277 3066 380 3138 postea
404 3059 471 3118 data
495 3059 556 3117 sive
579 3065 647 3118 ante
671 3064 740 3136 pota
763 3056 884 3136 suerint,
907 3075 962 3136 per
984 3058 1041 3117 hoc
1061 3076 1106 3118 re·

93 3147 225 3208 medium
252 3166 312 3207 non
340 3146 504 3226 nocebunt,
534 3146 693 3207 conficitur
720 3149 776 3206 sic:
813 3146 928 3224 Myrrae
957 3144 1057 3205 XVII
1078 3146 1107 3228 S,

185 3300 336 3372 orenium]
351 3299 515 3356 remedium.
554 3298 719 3370 9idrcpem
762 3306 793 3354 10
809 3300 910 3354 scoeni
950 3305 981 3354 11
997 3299 1106 3354 mirrae.

95 3375 127 3424 12
147 3372 254 3439 quanta
274 3369 432 3426 Carnuntas.
536 3371 666 3427 sabaoc.
689 3370 846 3440 aegyptiae.
953 3376 986 3425 1⁷
1004 3371 1107 3441 putari.

95 3447 128 3496 18
148 3442 262 3512 oportit.
330 3448 364 3497 20
382 3443 492 3498 mirrae
565 3447 599 3497 21
618 3442 745 3514 smyrnii]
760 3441 877 3498 murnai.
949 3449 985 3497 ιι
998 3442 1119 3496 mmuh

93 3518 127 3567 26
148 3529 182 3568 ex
199 3514 291 3568 mulso
310 3529 359 3568 om.
437 3518 471 3568 28
490 3513 593 3586 aopire.
667 3519 702 3570 30
720 3514 890 3587 ydropicos

143 3612 304 3661 miramus,
318 3622 359 3655 ro.
373 3614 535 3662 Eremmon.
944 3605 987 3654 XV
