2438 3802
512 131 728 196 -88-

114 294 308 358 cuudioribus
337 314 396 355 non
427 295 556 372 renasci,
584 291 660 354 lacte
688 293 823 353 mulieris
851 311 886 353 eo
914 293 962 353 die
985 311 1130 372 expresso

115 403 173 465 quo
192 387 310 464 peperit
329 386 467 461 continge
486 382 622 444 erebrius
641 381 713 462 loca,
735 381 771 442 de
792 381 900 461 quibus
919 382 995 460 pilos
1014 381 1130 444 tuleris.

61 474 174 537 178Pili
203 475 229 533 si
257 472 351 534 oculis
379 472 498 533 molesti
526 478 627 550 erunt,
659 478 798 549 potenter
826 473 920 531 uteris
953 471 1009 532 boc
1036 471 1130 532 medi·

114 564 242 623 camine:
266 561 406 622 Lacertae
426 561 529 620 viridis
547 559 587 620 sel
605 561 697 620 misce
717 578 785 620 cum
803 561 872 618 vino
891 558 966 639 albo,
985 568 1129 638 quantum

115 651 254 712 sufficere
278 651 502 730 existimaveris,
521 656 551 709 et
573 651 658 708 mitte
678 650 708 708 in
728 666 778 708 vas
797 666 917 708 aereum
937 650 1158 727 positumqnea

115 740 149 800 ad
171 739 263 800 solem
282 739 408 799 tamdiu
432 740 517 817 agita,
537 737 632 798 dorrec
651 736 879 798 crassitudinem
898 736 994 796 mellis
1013 735 1131 819 habeat,

62 841 112 889 179
121 837 211 906 atque
235 846 270 887 ex
290 846 324 887 eo
343 824 407 888 loca
426 827 555 906 pilorum
575 824 727 886 vulsorum
745 844 833 903 unge.
870 824 1035 885 Lucernam
1055 827 1131 886 ficti·

115 916 173 975 lem
197 915 233 975 de
257 934 367 995 papyro
392 924 422 976 et
445 913 572 976 medulla
595 917 713 975 vaccina
743 915 919 974 concinnato
947 922 1036 993 atque
1066 917 1132 976 eius

116 1005 197 1064 sumo
221 1005 282 1064 sive
306 1004 428 1083 iuligine
452 1004 498 1064 vel
520 1004 603 1083 ligny
625 1021 680 1082 pro
704 1001 913 1082 calliblepharo
937 1011 1036 1083 utere,
1070 1022 1130 1082 quo

115 1091 271 1172 palpebras
297 1112 400 1154 exesas
423 1102 453 1154 et
476 1092 592 1171 glabras
616 1093 734 1170 saepius
758 1091 928 1170 inungendo
956 1092 1130 1153 decentissi-
1147 1107 1173 1148 to

64 1194 183 1244 180mas
213 1183 312 1243 iacies.
363 1181 479 1242 Glabris
505 1180 656 1260 palpebris
683 1179 761 1258 pilos
788 1180 925 1260 induces,
958 1183 984 1241 si
1012 1199 1132 1264 oesypo,

117 1271 196 1350 quod
221 1270 276 1331 sub
300 1273 390 1331 armis
414 1273 513 1330 ovium
537 1272 679 1348 nascitur,
703 1269 816 1330 adiecta
840 1287 939 1348 myrra
957 1271 1131 1349 pariterque

116 1362 147 1420 in
166 1362 308 1420 mortario
328 1362 397 1420 trita
417 1359 539 1439 specillo
559 1357 651 1419 calido
672 1357 736 1418 loca
755 1357 823 1438 pilis
847 1358 925 1418 nuda
944 1357 1131 1436 perduxeris.

64 1448 200 1510 181Pilos
233 1448 328 1509 oculis
360 1448 501 1508 molestos
532 1447 756 1526 diligentissime
784 1446 873 1507 velles
910 1455 998 1525 atque
1026 1465 1131 1508 eorum

116 1537 180 1598 loca
203 1537 319 1598 hircino
343 1539 486 1615 sanguine
510 1538 624 1596 recenti
643 1543 694 1596 aut
712 1535 823 1614 leporis
842 1543 894 1595 aut
912 1535 1132 1614 vespertilionis
1147 1551 1174 1591 15

116 1626 225 1686 inlines
252 1623 299 1686 vel
327 1627 432 1685 canino
460 1624 535 1684 lacte
564 1625 720 1702 continges
748 1632 800 1685 aut
822 1643 878 1685 acu
901 1642 1011 1703 cuprea
1035 1624 1131 1686 calido

65 1727 114 1776 182
122 1724 205 1776 aceto
227 1716 345 1794 saepius
360 1712 490 1774 delibuta
510 1711 666 1791 perduces.
702 1711 817 1791 Capnos
836 1715 955 1773 nomine
970 1720 1016 1773 est
1030 1712 1133 1795 herba,

118 1806 203 1863 cuius
227 1821 318 1863 sucus
341 1805 409 1862 vino
432 1804 543 1864 mixtus
562 1808 651 1880 atque
669 1800 773 1862 inlitus
792 1801 874 1883 locis,
894 1802 929 1862 de
950 1801 1059 1880 quibus
1078 1802 1132 1880 pili

66 1890 158 1952 183ab
178 1890 271 1951 oculis
291 1891 402 1952 fuerint
421 1892 569 1971 extirpati,
592 1891 709 1950 renasci
733 1908 784 1950 eos
803 1909 863 1950 non
881 1892 1036 1970 permittit.
1076 1890 1132 1952 Ra-

118 1978 283 2040 nunculum
312 1981 435 2041 viridem
465 1979 703 2060 conprehensum
731 1997 786 2041 aon
815 1997 924 2058 cuprea
952 1981 1077 2058 pangito
1104 1988 1134 2042 et
1148 1995 1175 2034 so

118 2070 261 2146 sanguine
290 2070 354 2129 eius
378 2079 502 2150 excepto
529 2068 699 2148 palpebras,
726 2067 762 2128 de
786 2067 895 2148 quibus
919 2068 994 2146 pilos
1018 2066 1133 2149 tuleris,

65 2167 115 2217 184
123 2156 249 2218 subinde
273 2160 421 2240 continge,
443 2177 606 2238 numquam
629 2165 833 2218 renascentur.
879 2155 1132 2236 Sanguisugarum

118 2248 149 2305 in
168 2244 225 2305 olla
245 2246 457 2307 conbustarum
477 2249 567 2307 tritus
586 2245 795 2306 delicatissime
815 2247 890 2306 cinis
910 2254 939 2306 et
952 2244 1044 2305 vulsis
1063 2246 1132 2325 pilis

118 2333 326 2414 palpebrarum
350 2337 498 2413 inpositus
521 2333 568 2394 vel
591 2335 746 2413 inspersus
765 2336 882 2394 renasci
901 2352 953 2394 eos
972 2353 1032 2394 non
1052 2337 1133 2396 sinit.

66 2421 216 2500 teoddipe
240 2420 327 2482 vituli
350 2424 375 2481 si
393 2421 552 2502 palpebras
571 2424 733 2482 crassiores
752 2425 939 2502 perunxeris,
958 2422 1133 2484 extenuabis
1147 2437 1174 2479 ao

120 2529 169 2570 eas
194 2517 224 2570 et
247 2509 283 2570 ad
303 2511 457 2570 sanitatem
477 2510 633 2588 perduces.
670 2510 811 2572 Eiusdem
830 2511 957 2572 medulla
977 2531 1044 2572 cum
1065 2531 1134 2573 cera

119 2609 149 2660 et
176 2598 241 2659 oleo
269 2615 392 2658 rosaceo
416 2601 519 2677 aequis
542 2599 725 2678 ponderibus
749 2600 906 2680 liquefacta
935 2608 965 2662 et
987 2603 1133 2680 permixta

119 2695 149 2748 et
176 2687 212 2748 ad
241 2686 394 2766 emplastri
420 2687 542 2749 modum
568 2689 697 2768 inposita
723 2689 848 2750 duritias
871 2688 1080 2768 palpebrarum
1104 2698 1135 2752 et

119 2778 145 2836 si
171 2794 228 2855 qua
254 2776 315 2838 illic
337 2778 368 2836 in
391 2776 513 2838 modum
536 2777 695 2857 pilularum
719 2786 896 2858 nascuntur,
925 2778 1076 2839 coumollit
1099 2798 1134 2840 ac

67 2865 254 2928 laodiscutit.
300 2865 451 2946 Aegilopia
480 2866 618 2928 emendat
644 2868 732 2929 fimus
761 2866 950 2928 columbinus
983 2885 1019 2926 ex
1047 2875 1174 2929 acetoso

120 2962 224 3016 coctus
247 2964 278 3016 et
300 2954 416 3034 inlitus3
440 2958 595 3018 cicatrices
617 2975 736 3037 quoque
755 2956 909 3018 oculorum
931 2963 962 3015 et
980 2955 1135 3034 albugines

67 3046 200 3105 tetmire
224 3045 361 3122 detergit.
398 3045 498 3108 lnulae
522 3047 652 3106 rusticae
675 3047 758 3106 radix
778 3044 871 3104 valide
891 3044 1134 3106 commanducata

120 3141 150 3192 et
169 3152 237 3194 cum
257 3152 328 3195 suco
348 3152 402 3194 suo
421 3137 549 3214 inposita
569 3132 716 3211 aegilopas
735 3139 872 3211 potenter
889 3133 1039 3214 emendat3
1058 3152 1135 3212 quae

121 3224 188 3299 quia
214 3221 265 3282 ubi
288 3225 401 3282 aruerit
424 3223 516 3302 cadit,
539 3222 698 3302 recentior,
722 3220 815 3280 donec
838 3228 987 3303 persanet,
1011 3221 1134 3282 adsidue

192 3424 420 3480 toallibleiario.
509 3431 539 3480 11
559 3441 657 3496 ysopo.
737 3431 769 3480 12
788 3426 880 3481 mirra.
963 3434 995 3483 ta
1015 3426 1135 3498 spicillo.

127 3498 154 3549 ’.ὅ
173 3495 401 3565 vespertillionis.
474 3501 508 3551 at
527 3497 712 3567 peruncxeris.
