2438 3802
536 152 753 217 ,16-

135 324 269 377 mentum
296 318 361 376 eius
389 318 507 396 generis
537 315 738 376 remediorum
768 317 890 392 habent,
923 319 1030 377 merito
1062 335 1148 377 accu-

137 404 220 465 sandi
244 412 322 485 sunt,
347 405 427 484 quod
450 413 511 466 tam
533 403 723 482 neglegentes
747 406 779 465 in
797 413 858 466 tam
877 407 1044 466 necessaria
1063 413 1148 484 parte

136 496 209 554 artis
233 493 358 573 fuerint,
382 495 444 554 sive
468 495 583 572 experti
607 493 727 572 quidem
754 502 824 555 suut
852 512 957 555 eorum
981 494 1148 576 utilitatem,

137 584 283 662 denegant
307 585 405 642 autem
429 600 525 662 usum,
549 584 641 660 magis
664 580 803 662 culpandi
827 590 905 664 sunt,
932 585 1000 662 quia
1023 585 1148 644 crimine

136 671 315 732 invidentiae
339 670 475 750 flagrant,
505 669 583 749 quod
608 671 718 731 malum
741 689 809 732 oum
833 670 971 732 omuibus
995 674 1149 733 animanti·
1177 690 1190 730 o

136 760 193 821 bus
216 761 345 819 invisum
368 759 474 819 debeat
497 777 575 839 esse,
603 767 668 819 tum
695 761 855 838 praecipue
878 761 1015 842 medicis,
1040 760 1148 840 quibus

136 850 195 908 uisi
213 847 319 925 plenus
338 847 560 908 misericordiae
579 856 609 907 et
628 847 820 909 humanitatis
839 850 955 909 animus
974 858 1021 910 est
1044 867 1149 910 secun-

136 935 207 996 dum
243 938 338 1014 ipsius
369 936 563 1014 professionis
596 935 794 1018 voluntatem,
830 937 999 998 bominibus
1032 937 1148 1016 diisque

101 1024 275 1085 somnibus
302 1027 390 1085 invisi
417 1024 527 1085 debent
549 1043 624 1085 esse.
665 1025 781 1087 ldcirco
807 1044 844 1086 ne
868 1025 1004 1087 hostibus
1028 1026 1149 1105 quidem

136 1112 246 1173 malum
273 1113 523 1174 medicamentum
556 1113 649 1194 dabit,
683 1116 734 1192 qui
767 1122 951 1174 sacramento
985 1114 1148 1174 medicinae
1165 1132 1189 1170 ro

136 1201 266 1281 legitime
285 1210 331 1262 est
350 1202 511 1282 obligatus3
530 1201 583 1262 sed
601 1209 800 1282 persequetur
819 1221 879 1284 eos,
898 1221 966 1264 cum
983 1221 1032 1263 res
1047 1210 1148 1280 postu-

135 1290 247 1372 laverit,
272 1299 305 1351 ut
328 1291 457 1352 militans
481 1300 510 1352 et
533 1293 606 1352 civis
629 1290 725 1351 bonus
744 1293 825 1352 omni
842 1292 939 1372 modo,
966 1293 1034 1371 quia
1057 1291 1148 1350 medi·

136 1383 202 1441 cina
225 1398 285 1440 nou
308 1380 426 1441 fortuna
449 1399 547 1459 neque
568 1382 705 1459 personis
723 1382 860 1441 aestimat
877 1381 1022 1460 homines,
1044 1396 1149 1439 verum

136 1469 300 1548 aequaliter
327 1469 465 1530 omnibus
493 1468 711 1548 inplorantibus
735 1469 841 1530 auxilia
867 1488 919 1530 sua
943 1476 1148 1548 porrecturam

136 1567 166 1618 et
189 1576 401 1619 succursurum
425 1575 456 1617 se
480 1557 639 1635 pollicetur
662 1557 796 1637 nullique
820 1577 960 1638 umquam
983 1559 1149 1618 nocituram
1164 1574 1189 1614 15

100 1655 116 1703 5
136 1646 302 1725 profitetur.
334 1645 539 1725 Hippocrates,
558 1644 694 1705 conditor
708 1654 827 1707 nostrae
841 1647 1045 1725 professionis,
1066 1647 1150 1706 initia

137 1731 308 1812 disciplinae
329 1733 365 1793 ab
384 1733 575 1793 iureiurando
595 1733 725 1814 tradidit,
748 1736 780 1793 in
803 1753 862 1813 quo
884 1742 1019 1794 sanctum
1039 1743 1093 1814 est,
1116 1741 1150 1794 ut

136 1841 174 1882 ne
201 1823 355 1900 praegnati
378 1821 499 1900 quidem
521 1821 783 1903 medicamentum,
812 1841 871 1902 quo
900 1831 1077 1902 conceptum
1101 1841 1149 1882 ex·

137 1912 262 1991 entitur,
286 1918 338 1970 aut
365 1909 452 1970 detur
476 1917 526 1970 aut
550 1910 772 1972 demonstretur
803 1930 820 1972 a
848 1930 997 1992 quoquam
1024 1911 1149 1992 medico,

136 1999 273 2060 videlieet
296 1999 383 2079 longe
406 1999 610 2079 praeformans
629 2001 743 2061 animos
762 2000 941 2063 discentium
960 2001 995 2060 ad
1015 2000 1148 2060 humani·
1164 2017 1190 2056 ao

136 2096 236 2151 tatem.
279 2088 337 2160 Qui
360 2092 439 2150 enim
463 2089 546 2149 nefas
569 2091 802 2150 existimaverint
826 2108 878 2168 spe
902 2089 991 2149 dubia
1014 2089 1149 2147 homines

136 2177 267 2259 laedere,
300 2186 444 2257 quantum
472 2177 628 2238 scelestius
655 2177 789 2255 perfecto
817 2179 875 2236 iam
903 2193 1011 2236 nocere
1039 2174 1149 2234 iudica-

136 2264 232 2326 bunt?
272 2266 370 2343 Magni
394 2284 464 2344 ergo
488 2266 652 2325 aestimavit
675 2281 783 2324 nomen
807 2264 958 2342 decusque
985 2262 1149 2322 medicinae

136 2371 313 2414 conservare
336 2357 386 2432 pio
405 2360 568 2431 sanctoque
587 2353 684 2412 auimo
704 2369 852 2430 quemque
872 2350 1035 2412 secuudum
1054 2353 1149 2428 ipsius

135 2443 322 2521 propositum
338 2459 369 2501 se
384 2448 550 2521 gerentem3
570 2441 693 2500 seientia
708 2441 788 2500 enim
802 2440 933 2520 sanandi,
947 2457 1007 2499 non
1022 2440 1149 2499 nocendi
1163 2457 1189 2495 25

137 2537 183 2590 est
205 2530 359 2590 medicina.
396 2529 478 2600 Quae
502 2531 560 2589 nisi
583 2530 664 2588 omni
686 2536 770 2608 parte
794 2547 848 2589 sua
866 2528 953 2607 plene
973 2527 1099 2588 excubat
1117 2529 1149 2586 in

136 2617 244 2679 auxilia
268 2617 475 2699 laborantium,
498 2636 558 2677 non
582 2624 713 2696 praestat
737 2635 825 2697 quam
848 2616 1006 2696 pollicetur
1024 2616 1149 2675 homini·

102 2706 193 2767 obus
221 2706 452 2768 misercordiam.
494 2705 636 2766 Desinant
664 2724 748 2788 ergo,
779 2707 831 2785 qui
857 2705 999 2785 prodesse
1024 2705 1149 2765 adflictis

136 2802 188 2856 aut
216 2794 321 2855 nolunt
350 2803 401 2856 aut
428 2813 489 2856 non
516 2801 654 2874 possunt,
683 2794 756 2855 alios
781 2813 899 2875 quoque
923 2794 1076 2854 deterrere
1100 2812 1150 2853 ne·

137 2883 232 2963 gando
256 2885 352 2962 aegris
376 2883 496 2964 auxilia,
525 2901 600 2963 quae
625 2885 760 2962 pervim
784 2883 1068 2944 medicamentorum
1092 2883 1149 2942 fre·
1165 2900 1191 2939 eo

137 2981 264 3052 quenter
292 2971 478 3034 exhibentur.
525 2971 643 3033 Etenim
673 2973 757 3052 quasi
786 2991 840 3051 per
868 2972 977 3050 gradus
1008 2971 1152 3051 quosdam

136 3062 283 3123 medicina
302 3061 505 3124 laborantibus
525 3064 683 3122 succurrit.
713 3061 788 3121 Nam
802 3063 931 3139 primum
947 3059 1022 3121 cibis
1036 3063 1151 3121 ratione

137 3159 265 3230 aptoque
289 3158 423 3231 tempore
447 3151 522 3212 datis
546 3157 671 3228 temptat
693 3149 836 3227 prodesse
856 3148 1078 3230 languentibus3
1102 3149 1151 3208 de-

137 3239 206 3300 inde
226 3241 252 3299 si
270 3239 306 3298 ad
321 3239 376 3300 hos
391 3257 451 3299 non
465 3237 654 3317 responderit
672 3239 796 3318 curatio,
815 3237 851 3297 ad
868 3237 1152 3298 medicamentorum

209 3378 225 3426 3
249 3374 324 3426 eries
348 3378 403 3427 zm.
495 3379 510 3426 6
534 3372 564 3427 in
587 3372 688 3441 quibus
709 3372 869 3428 Oornarlue.
969 3379 1001 3427 13
1020 3371 1150 3426 hominis.

145 3447 174 3498 14
195 3446 359 3513 proreotura
382 3444 458 3513 (ros.)
550 3447 582 3496 15
604 3447 633 3498 et
650 3459 700 3500 om.
793 3449 825 3498 17
846 3444 894 3515 ab]
914 3445 957 3499 ed.
1050 3449 1081 3497 19
1102 3445 1152 3498 eut

152 3511 232 3583 letor]
252 3514 370 3568 audetur
388 3519 437 3568 1m
455 3512 585 3569 audietur
603 3520 663 3571 zm.
736 3520 770 3570 22
791 3517 895 3583 quanto
916 3513 1075 3570 Cernentes.
