2438 3802
514 154 729 219 ,84-

116 317 338 399 liberabuntur3
367 318 488 396 quidam
517 319 605 377 etiam
632 315 788 376 adfirmant
816 317 1057 377 efficacissimum
1085 336 1135 378 re·

30 471 39 486 ⁸
117 407 248 467 medium
272 424 337 466 esse
361 407 397 467 ad
422 404 601 484 detergenda
625 404 817 486 glaucomata,
841 407 866 465 si
890 405 995 466 catello
1015 404 1136 467 dierum

117 506 231 575 septem
255 503 344 574 caput
368 497 478 555 viventi
501 493 672 555 diffindatur
701 493 790 557 etde
814 493 918 554 dextra
941 503 1025 573 parte
1050 513 1136 556 cere-

118 585 166 645 bri
188 584 293 646 oculus
317 584 434 661 dexter,
462 583 499 643 de
528 584 648 642 sinistra
677 583 798 642 sinister
829 585 955 644 intincto
981 582 1041 643 illic
1066 601 1135 662 spe·

66 674 188 735 143cillo
208 676 378 750 inungatur.
422 671 461 733 Ut
483 672 648 733 leucomata
672 678 702 731 et
720 670 888 749 albuginem
909 674 1043 751 quamvis
1063 672 1164 736 deu-s

117 781 179 823 sam
204 781 240 822 ex
263 761 348 821 oculo
368 761 532 841 detergens,
551 767 649 820 turam
668 768 698 820 et
717 767 854 819 anturam
873 758 981 821 herbas
1001 762 1136 822 virentes

118 850 295 910 nitidissime
320 849 458 911 collectas
482 848 648 911 contundes
677 858 707 908 et
734 866 788 927 per
816 848 941 909 linteum
970 857 1060 910 tenue
1085 869 1135 912 su·

66 951 193 1000 tttcum
213 957 315 998 earum
334 942 467 1018 exprime
491 957 586 1017 eoque
610 937 713 998 oculos
738 939 856 1015 inunge.
899 935 1076 999 Leucomata
1100 948 1137 1001 ut

119 1035 261 1088 extenues
285 1035 315 1087 et
339 1028 497 1108 discutias,
520 1034 606 1087 utere
630 1026 840 1106 medicamine,
870 1027 949 1105 quod
974 1029 1135 1089 conficitur

119 1119 176 1177 sic:
213 1116 343 1176 Pumicis
367 1116 516 1178 combusti
539 1117 604 1176 triti
628 1107 667 1200 β
687 1113 781 1195 lllHl,
810 1115 976 1176 chalcitidis
1001 1109 1040 1202 2·
1061 1116 1135 1197 Vlll‚
1152 1140 1178 1180 xo

118 1208 247 1285 gummis
272 1197 310 1291 β
331 1205 384 1264 llll
408 1213 438 1265 et
461 1206 572 1283 sinapis
596 1203 751 1283 pusillum,
776 1210 809 1263 ut
833 1204 985 1284 toleretur,
1008 1205 1135 1286 adicies3

118 1295 191 1355 baec
219 1297 317 1354 omnia
351 1296 382 1354 in
413 1295 621 1354 tenuissimum
652 1291 804 1371 pulverem
832 1292 952 1354 redacta
979 1295 1010 1353 in
1041 1313 1138 1355 unum

119 1386 267 1462 permisce
291 1392 320 1443 et
344 1401 381 1442 ex
400 1401 475 1462 aqua
499 1383 618 1443 fontana
639 1381 727 1442 facito
747 1380 868 1460 collyria
887 1384 1046 1463 crassiora,
1071 1387 1137 1462 qui·

119 1472 175 1534 bus
205 1475 248 1533 sic
277 1474 385 1551 uteris,
413 1480 446 1531 ut
474 1471 677 1531 circumdetur
705 1470 802 1530 tribus
825 1470 960 1549 partibus
984 1489 1051 1531 cera
1076 1472 1137 1532 col·

119 1561 240 1641 lyrium,
268 1560 319 1620 sed
344 1569 511 1619 extremum
534 1558 648 1637 collyrii
671 1561 711 1619 sit
733 1559 796 1619 leve
820 1578 854 1618 ac
877 1567 977 1640 tenue,
1000 1561 1080 1639 quod
1104 1563 1137 1621 iu
1153 1585 1179 1625 15

119 1651 218 1729 ipsum
246 1648 380 1708 leucoma
409 1649 533 1726 inponas
562 1655 592 1706 et
619 1646 688 1706 iube
717 1647 837 1708 oculum
864 1648 1014 1727 adoperiri
1042 1650 1136 1728 pauli·

121 1756 199 1818 sper,
218 1755 255 1797 ne
281 1735 397 1796 excidat
416 1735 584 1816 collyrium,
605 1735 684 1814 quod
703 1737 730 1795 si
748 1736 901 1817 exciderit,
920 1739 1029 1798 iterum
1048 1757 1136 1818 repo-

120 1833 217 1904 natur,
236 1825 395 1903 posthaec
414 1826 525 1904 inunge
540 1823 661 1885 oculum
674 1823 736 1884 leni
750 1823 880 1906 collyrio,
900 1828 1000 1886 statim
1019 1829 1137 1888 emittet

121 1915 206 1992 quasi
229 1931 390 1992 squamam.
426 1914 458 1974 Si
482 1932 552 1992 ergo
576 1931 716 1992 magnum
739 1913 873 1974 leucoma
896 1914 987 1975 luerit
1006 1924 1036 1975 et
1054 1934 1135 1976 cras-

121 2021 197 2085 sum,
220 2005 261 2063 ita
285 2003 416 2065 curabis:
441 2006 488 2065 sin
511 2011 611 2064 autem
633 2009 733 2084 tenue,
757 2021 826 2063 cnm
848 2005 1017 2081 inposueris
1041 2005 1134 2065 medi·
1151 2029 1178 2068 ao

120 2111 232 2174 caman,
256 2096 402 2155 maturius
426 2093 525 2174 tolles3
549 2101 651 2171 postea
675 2110 744 2152 vero
768 2099 854 2152 utere
873 2092 909 2152 ad
929 2095 1134 2154 inunctionem

121 2182 251 2263 collyrio,
271 2183 350 2261 quod
366 2182 477 2243 Graeco
496 2180 639 2242 vocabulo
659 2180 803 2259 diacopon
823 2180 1000 2264 appellatum
1024 2185 1135 2243 etenim

121 2271 199 2349 apud
227 2270 359 2330 medicos
386 2270 443 2330 hoc
472 2269 586 2348 collyrii
613 2286 707 2347 genus
735 2286 871 2346 magnam
898 2269 987 2330 habet
1011 2271 1135 2332 effectus

70 2360 174 2417 tltsui
197 2358 378 2435 dignitatem.
416 2358 557 2417 Turturis
581 2357 668 2416 timus
692 2357 727 2416 ad
752 2375 896 2417 summam
915 2357 1064 2420 levitatem
1083 2363 1136 2420 tri-

121 2453 170 2506 tus
199 2455 228 2504 ct
257 2463 325 2505 cum
348 2445 435 2506 melle
459 2445 555 2505 Attico
579 2447 743 2504 autetiam
766 2445 888 2506 alterins
911 2450 1030 2525 generis
1052 2439 1135 2509 dum·
1152 2470 1178 2512 ac

122 2532 209 2593 modo
234 2535 346 2612 optimo
370 2541 400 2593 et
423 2534 598 2611 despumato
622 2534 763 2594 inunctus
791 2533 957 2596 leucomata
982 2536 1138 2597 oculorum

70 2634 120 2683 146
128 2630 266 2701 potenter
285 2629 433 2682 extenuat.
465 2620 539 2681 Galli
558 2621 712 2699 gallinacei
730 2625 856 2683 maxime
875 2624 934 2684 albi
953 2625 992 2685 sel
1011 2644 1045 2685 ex
1061 2644 1138 2704 aqua

122 2710 250 2771 dilutum
278 2718 308 2771 et
335 2712 503 2772 inunctioni
532 2710 697 2772 adhibitum
712 2711 891 2796 leucomata
920 2713 1076 2774 oculorum
1107 2724 1138 2775 et

70 2800 290 2880 tttypochyses
318 2808 401 2863 sanat
435 2808 464 2861 et
496 2801 589 2860 aciem
621 2799 766 2862 luminum
799 2803 961 2863 confirmat.
1013 2802 1137 2865 Stercus

123 2907 242 2969 qumque
252 2889 454 2969 'gallinaceum
474 2889 574 2950 album
594 2909 662 2952 cum
686 2890 750 2952 oleo
773 2900 871 2952 vetere
891 2893 1066 2952 tenuissime
1085 2894 1137 2952 tri·
1152 2916 1179 2958 eo

71 2987 191 3039 148tum
211 2989 240 3040 et
259 2979 428 3059 adpositum
451 2979 530 3040 idem
555 2980 649 3041 oculis
668 2980 792 3041 remedii
810 2988 950 3058 praestat.
983 2980 1034 3040 Fel
1053 2981 1139 3042 vituli

124 3066 282 3146 diligenter
310 3068 468 3130 collectum
495 3068 532 3130 ad
558 3069 670 3148 cotylae
694 3086 864 3128 mensuram
887 3071 918 3128 iu
942 3086 992 3128 vas
1016 3087 1138 3130 aereum

123 3157 253 3218 mittitur
281 3160 423 3237 tenuique
452 3160 520 3236 igne
549 3158 665 3216 admoto
689 3158 730 3216 ita
753 3158 943 3237 excoquitur,
972 3165 1005 3217 ut
1029 3160 1137 3238 spisse-

124 3252 187 3326 tur,
215 3246 322 3306 deinde
350 3246 447 3306 mellis
475 3245 545 3305 boni
572 3251 687 3304 tautum
715 3245 856 3326 mittitur,
889 3255 1032 3324 quantum
1061 3247 1138 3307 sellis

123 3333 203 3395 illius
231 3335 348 3394 decocti
375 3335 564 3412 remanserit3
598 3332 768 3392 adiciuntur
801 3342 904 3411 postea
936 3353 1051 3414 myrrae
1085 3339 1137 3397 tri·
1152 3367 1178 3408 35

126 3429 171 3481 tae
186 3422 342 3482 drachmae
358 3422 433 3482 duae
453 3429 483 3481 et
499 3423 578 3481 croci
598 3439 656 3481 una
676 3429 706 3481 et
724 3423 801 3482 aeris
820 3421 902 3483 tloris
921 3424 1085 3502 pauxillum
1104 3444 1137 3485 ac

123 3516 227 3586 postea
250 3509 337 3570 simul
360 3511 459 3570 omnia
482 3510 534 3570 din
557 3511 701 3589 coagitata
724 3510 760 3570 ad
786 3513 890 3572 tertias
914 3512 1137 3595 decoquuntur,
