2438 3802
487 181 638 246 -309
688 217 725 227 —

99 344 151 405 das
176 342 260 404 dabis
282 343 340 404 coli
363 343 464 404 dolore
488 343 634 405 confecto.
670 341 787 404 Herbae
809 345 974 407 vettonicae
992 344 1112 424 pollinis
1131 357 1165 406 21

100 425 140 519 ῼι
160 431 197 492 Vl
220 451 257 492 ex
281 451 373 511 aquae
397 432 508 494 calidae
528 433 641 512 cyathis
660 431 758 493 tribus
777 432 871 494 colico
889 434 990 493 ieiuno
1009 433 1112 494 biben-

99 522 153 582 dos
176 521 387 601 pertriduum
410 520 501 582 dabis.
543 520 759 602 Plantaginem‚
788 539 863 600 quae
886 523 951 599 sine
974 521 1113 600 lanugine
1132 533 1166 583 22

99 611 203 687 suerit,
232 617 388 671 contusam
411 628 479 671 cum
503 610 563 670 sale
587 610 726 690 adponito
754 610 791 670 ad
820 609 995 671 umbilicum
1018 611 1113 692 celici,

71 702 174 760 smine
197 699 339 779 proderit.

189 787 303 848 Anulus
331 787 367 848 de
395 806 467 848 auro
496 795 576 849 texta
599 789 700 849 tunica
723 788 757 849 lit
780 794 896 868 exusta,
924 789 975 849 cui
1002 788 1111 850 inscul·
1130 799 1165 849 23

100 879 182 956 pitur
206 879 269 937 vice
293 895 425 955 gemmae
448 878 541 955 piscis
564 884 615 937 aut
638 876 774 957 delfinos,
797 878 840 937 sic
864 883 898 937 ut
916 875 1112 957 holochrysus

101 968 140 1026 sit
163 973 193 1026 et
216 964 323 1026 habeat
345 968 376 1026 in
400 965 513 1026 ambitu
536 965 731 1027 rutunditatis
754 967 921 1046 utriusque,
946 966 976 1026 id
1001 975 1047 1027 est
1069 968 1113 1026 in·

100 1056 194 1115 terius
225 1063 255 1114 et
283 1056 414 1115 exterius
438 1053 559 1115 Graecis
582 1055 690 1115 litteris
714 1056 872 1133 scriptum:
907 1049 981 1127 Θεὸς
1003 1051 1114 1116 κελεύει

59 1163 86 1202 10
100 1138 140 1223 μὴ
164 1138 250 1204 κύειν
271 1140 361 1205 κόλον
383 1137 504 1217 πόνους.
547 1143 772 1204 Observandum
795 1151 894 1204 autem
918 1145 989 1223 erit,
1013 1151 1059 1224 ut,
1088 1145 1114 1204 si

100 1234 131 1292 in
154 1232 246 1293 latere
271 1234 392 1293 sinistro
417 1232 501 1292 dolor
525 1233 629 1314 luerit,
656 1234 687 1292 in
713 1249 802 1292 manu
826 1233 946 1291 sinistra
968 1230 1114 1292 habeatur

100 1320 216 1401 anuluS,
236 1323 336 1382 autin
355 1321 467 1402 dextra,
487 1323 513 1382 si
531 1322 668 1383 dextrum
688 1320 764 1381 latus
784 1318 908 1400 dolebit3
927 1319 997 1380 luna
1014 1328 1114 1380 autem

101 1410 294 1471 decrescente
317 1410 365 1470 die
388 1409 465 1471 lovis
486 1412 616 1490 primum
635 1412 666 1470 in
685 1427 773 1470 usum
792 1408 946 1469 habendus
966 1410 1024 1470 erit
1043 1427 1113 1469 anu·

99 1498 155 1559 lus.
197 1499 241 1559 Ad
265 1498 322 1559 coli
345 1498 479 1560 dolorem
501 1501 638 1578 requires
660 1499 764 1559 fimum
787 1497 850 1576 lupi
878 1505 908 1558 et
931 1515 1011 1578 ossa,
1039 1509 1168 1577 quaeat

60 1606 86 1646 15
100 1587 210 1648 ibidem
234 1589 398 1667 inveneriS,
422 1587 588 1649 contundes
611 1596 641 1649 et
663 1586 817 1666 pulverem
840 1605 876 1646 ex
899 1585 947 1647 his
970 1586 1061 1648 facies
1084 1594 1115 1647 et

99 1679 131 1736 in
155 1694 230 1754 aqna
254 1676 360 1755 frigida
383 1679 483 1738 ieiuno
506 1676 668 1738 bibendum
693 1675 784 1737 dabis.

188 1765 233 1824 Ad
257 1765 314 1826 coli
337 1764 470 1826 dolorem
493 1765 541 1826 die
564 1765 618 1826 XII
640 1764 696 1827 kal.
715 1764 806 1844 April.
829 1764 920 1825 violas
943 1782 1030 1825 mane
1054 1763 1112 1825 col·
1131 1776 1165 1826 25

99 1851 152 1930 ligi
179 1853 269 1913 iacies
297 1862 327 1913 et
354 1856 412 1915 teri
438 1857 470 1915 in
493 1855 634 1915 mortario
658 1854 829 1936 diligenter,
856 1861 959 1932 postea
981 1855 1013 1913 in
1036 1871 1114 1914 mor-

101 1942 210 2001 tarium
233 1943 331 2020 ipsum
352 1945 452 2003 mittes
471 1945 533 2004 vini
551 1944 660 2004 veteris
679 1945 817 2022 potiones
836 1941 886 2002 Vll
906 1951 935 2003 et
954 1960 1022 2003 cum
1040 1949 1114 2002 tem·

61 2047 88 2086 22
101 2031 253 2107 perareris
268 2048 336 2090 cum
346 2030 440 2112 violis,
455 2049 471 2092 a
487 2031 534 2093 die
550 2033 765 2111 suprascripto
780 2034 917 2110 potiones
931 2049 985 2110 per
1000 2039 1114 2110 septem

101 2118 166 2178 dies
190 2120 348 2180 continuos
372 2119 464 2200 dabis,
487 2120 540 2180 sed
564 2128 669 2182 cautus
693 2138 759 2181 esse
783 2119 874 2181 debes
897 2121 929 2180 in
950 2118 1036 2180 violis
1055 2119 1114 2180 col·

99 2207 236 2288 ligendis,
261 2211 328 2287 quia
352 2207 511 2288 pleraeque
535 2216 606 2270 sunt
627 2211 741 2270 noxiae.

189 2297 233 2357 hd
261 2297 319 2358 coli
347 2297 480 2358 dolorem
508 2297 640 2358 scribere
663 2297 755 2358 debes
778 2299 809 2357 in
832 2297 940 2358 lamina
963 2315 1052 2357 altrea
1075 2297 1111 2358 de
1131 2309 1165 2359 26

100 2387 192 2465 grafio
220 2405 311 2448 aureo
338 2387 416 2448 inira
440 2389 567 2466 scriptos
591 2387 778 2448 characteres
806 2385 876 2446 luna
898 2388 994 2465 prima
1017 2388 1115 2466 vigen-

60 2491 87 2532 22
101 2478 175 2536 sima
201 2485 232 2537 et
254 2475 392 2536 laminam
415 2478 510 2555 ipsam
534 2479 652 2537 mittere
676 2477 754 2536 intra
777 2474 915 2537 tubulum
938 2493 1062 2536 aureum
1086 2484 1116 2536 et

100 2564 230 2643 desuper
257 2567 375 2643 operire
403 2565 449 2626 vel
480 2565 630 2626 involvere
660 2563 799 2625 tubulnm
828 2566 927 2644 ipsum
959 2563 1036 2644 pelle
1069 2583 1115 2626 ca·

99 2656 185 2731 prina
209 2660 239 2712 et
262 2656 382 2731 caprina
406 2656 533 2732 corrigia
556 2654 648 2733 ligare
671 2654 703 2713 in
725 2653 801 2732 pede
825 2654 938 2732 dextro,
963 2656 989 2714 si
1012 2654 1116 2714 dextra

100 2759 170 2818 pars
194 2743 329 2819 corporis
353 2740 417 2802 colo
440 2741 599 2823 laborabit,
623 2743 727 2803 autin
752 2743 885 2821 sinistra,
912 2745 937 2802 si
961 2741 1004 2802 ibi
1026 2760 1115 2802 causa

102 2828 205 2907 tuerit,
237 2828 347 2889 habere
376 2828 508 2911 debebit;
540 2831 592 2892 sed
621 2831 693 2892 dnm
720 2837 823 2890 utetur
852 2831 918 2908 quis
945 2829 1003 2889 hoc
1032 2849 1116 2907 prae·

61 2932 88 2972 ao
102 2915 256 2998 ligamine,
290 2917 438 2978 abstineat
473 2937 582 2980 venero
619 2928 649 2980 et
686 2937 724 2979 ue
761 2917 917 2978 mulierem
948 2925 1000 2978 aut
1031 2935 1115 2996 prae·

101 3013 241 3083 guantem
279 3007 431 3085 contingat
462 3017 513 3069 aut
550 3008 722 3087 sepulcrum
759 3006 943 3086 ingrediatur
951 3053 959 3085 ,
994 3007 1115 3065 omnino

101 3093 260 3155 observare
292 3093 429 3177 debebit;
461 3095 497 3157 ad
525 3098 623 3177 ipsum
656 3106 755 3158 autem
786 3093 843 3156 coli
871 3094 1003 3155 dolorem
1032 3095 1114 3174 peni-

101 3192 150 3244 tus
183 3184 368 3266 evitandum,
400 3191 435 3246 ut
466 3186 622 3247 sinistrum
653 3186 761 3266 pedem
793 3201 911 3262 semper
943 3185 1028 3261 prius
1059 3183 1115 3244 cal-

190 3336 387 3394 ibibendum.
478 3332 619 3395 dtonica.
712 3337 891 3394 tolocrisue.
983 3338 1115 3392 822122-

100 3407 198 3463 ditatis
217 3409 287 3479 (cic).
353 3411 383 3466 et
401 3410 465 3465 cdd.
485 3415 549 3466 aute
567 3409 684 3465 interius
703 3415 763 3466 2m.
829 3413 862 3464 21
884 3408 972 3478 debis,
991 3410 1054 3465 item
1072 3413 1116 3464 23.

98 3485 134 3535 24
153 3482 316 3537 caracteres.
381 3480 540 3553 tiginsima.
600 3486 634 3536 28
654 3479 678 3534 51
696 3481 761 3536 add.
781 3481 904 3538 221212.
960 3487 1000 3536 22
1013 3479 1095 3533 *cuv

97 3551 273 3622 prementem.
356 3619 360 3627 ι
