2438 3802
481 148 718 212 -327-

92 330 182 392 quam
204 313 355 391 potionem
378 309 502 370 colatam
526 309 656 370 admixto
680 309 798 388 paululo
820 310 915 371 mellis
934 312 1104 375 calefactam

93 403 179 480 potui
206 399 297 461 dabis.
338 397 455 458 Herbae
477 396 665 459 Britannicae
694 417 784 459 sucus
811 416 865 477 per
889 417 920 459 se
944 400 1025 461 solus
1048 421 1103 481 pro
1123 414 1156 464 71

93 492 183 550 unius
202 491 346 566 cuiusque
365 485 478 546 viribus
497 488 583 564 potui
601 494 737 566 sumptus
757 489 821 548 sine
835 487 968 566 periculo
982 499 1103 571 purgat3

94 596 153 657 quo
177 577 299 638 validius
324 583 423 636 autem
446 577 568 653 purgari
590 575 733 649 volueris,
760 576 817 637 hoc
845 576 971 654 amplius
995 595 1104 658 sumes,

65 669 135 727 sita
161 674 195 726 ut
223 682 393 726 mensuram
422 665 544 724 sextarii
567 681 627 723 non
651 665 783 724 excedas.
824 664 975 726 Lauriculi
997 667 1103 746 teneri,
1124 679 1158 728 72

92 755 123 815 id
151 762 198 815 est
225 771 325 833 cymae
353 752 442 832 lauri,
471 770 540 812 cum
567 760 674 831 nepeta
702 753 816 814 adiecto
845 753 905 814 sale
929 756 1051 815 contriti
1074 763 1103 816 et

93 862 161 904 cum
189 860 281 922 aquae
308 840 426 920 tepidae
453 839 572 900 hemina
598 842 630 900 in
658 843 778 920 potione
809 845 921 921 sumpti
953 845 1104 903 concitant

92 931 189 992 alvum
212 932 408 1010 pituitamque
432 938 462 989 et
484 927 647 989 lumbricos
670 928 809 990 celeriter
830 933 951 992 eiciunt.
994 931 1103 992 Sabuci
1122 944 1156 992 73

91 1019 211 1080 55115111
237 1021 335 1079 151511
362 1017 479 1078 decocti
506 1035 575 1077 cum
602 1016 666 1077 oleo
695 1025 726 1078 et
748 1036 818 1097 garo
842 1019 1012 1080 manducati
1034 1038 1103 1081 ren-

51 1116 168 1169 mtrem
192 1109 333 1168 continuo
353 1104 478 1166 solvunt.
515 1105 661 1167 dluminis
680 1106 785 1185 liquidi
802 1107 956 1185 paululum
975 1107 1040 1168 lana
1058 1110 1102 1168 in·
1123 1119 1158 1169 74

91 1196 225 1257 volutum
253 1204 283 1256 et
309 1195 409 1274 podici
436 1193 603 1255 subiectum
630 1203 733 1256 evocat
756 1203 872 1256 stercus
897 1204 927 1256 et
950 1198 1015 1256 sine
1039 1196 1104 1256 fati-

92 1287 209 1362 gatione
233 1283 362 1344 deducit.

180 1372 366 1451 Frequenter
393 1373 509 1450 experti
536 1371 713 1432 solutionem
736 1372 848 1431 ventris
872 1371 1029 1432 adfirmant
1053 1371 1104 1432 tali
1123 1381 1158 1431 75

91 1460 223 1520 remedio
247 1478 279 1520 se
303 1477 368 1520 esse
391 1467 546 1539 purgatos:
574 1459 667 1520 Mellis
691 1459 870 1520 acitabulum
894 1468 924 1520 et
948 1459 1016 1520 salis
1039 1462 1104 1520 triti

51 1549 266 1609 151511111511
293 1567 362 1609 cum
390 1549 467 1608 aceti
494 1550 622 1608 sextario
648 1567 707 1609 uno
731 1548 927 1608 fervefaciunt
949 1557 1037 1627 atque
1061 1550 1102 1608 ita

90 1647 177 1698 nocte
205 1637 261 1698 sub
293 1637 360 1697 divo
393 1635 474 1696 caelo
503 1655 609 1696 sereno
638 1655 687 1696 vas
715 1635 820 1697 leviter
848 1644 985 1715 opertum
1013 1636 1101 1696 reliu-

90 1737 187 1804 quunt
214 1734 244 1786 et
268 1743 368 1804 mane,
392 1743 460 1785 cum
482 1725 579 1803 pridie
603 1743 676 1786 cena
699 1723 911 1805 abstinuerint,
935 1743 1003 1785 cum
1026 1743 1103 1804 aqua

91 1823 234 1892 quantum
258 1814 386 1874 sufficiat
409 1815 577 1874 minutatim
600 1812 720 1894 bibunt;
744 1831 803 1891 quo
823 1813 899 1873 facto
924 1831 983 1873 non
1005 1813 1102 1874 solum

90 1903 213 1980 ventris²
236 1901 288 1960 sed
311 1903 400 1961 etiam
423 1908 503 1961 atrae
527 1901 594 1961 bilis
618 1920 651 1962 ac
675 1902 758 1962 rufae
782 1901 879 1961 taedio
899 1900 1101 1963 absolvuntur.

48 2006 75 2045 ao
92 1989 199 2049 Serum
227 1989 263 2048 de
293 1988 368 2050 lacte
396 1987 508 2049 bubulo
536 1990 652 2050 adiecto
684 1989 771 2050 melle
805 1999 835 2050 et
867 1989 926 2049 sale
958 1998 1101 2069 quantum
1121 2001 1156 2050 75

90 2079 163 2138 55115
186 2079 224 2137 511
247 2079 331 2156 potui
353 2084 505 2155 sumptum
528 2087 693 2139 morantem
716 2078 813 2138 alvum
832 2077 955 2156 inpellit.
993 2078 1100 2139 Serum
1121 2090 1155 2139 77

89 2167 126 2227 de
150 2165 225 2226 lacte
249 2167 359 2244 equino
381 2167 466 2244 potui
489 2164 591 2226 datum
613 2167 698 2227 facile
726 2176 757 2227 et
784 2167 848 2226 siue
874 2166 1007 2244 periculo
1031 2185 1100 2227 ren·
1160 2222 1164 2231 .

88 2264 165 2316 trem
183 2253 312 2314 molliter
331 2261 447 2332 purgat.
479 2253 634 2316 dsininum
651 2254 696 2316 lac
715 2274 783 2316 cum
797 2253 884 2315 melle
899 2257 983 2334 potui
997 2254 1100 2316 datum
1120 2266 1155 2316 78

88 2352 223 2405 ventrem
247 2342 332 2404 facile
356 2350 387 2403 et
410 2344 474 2402 5115
497 2342 631 2420 periculo
655 2343 749 2404 solvit.

47 2447 75 2488 as
178 2432 253 2492 Salis
276 2433 383 2492 marini
406 2433 524 2492 1111151
547 2431 641 2493 mellis
665 2435 769 2511 optimi
789 2433 957 2511 despumati
975 2439 1005 2493 et
1023 2435 1100 2494 aceti
1120 2444 1154 2494 79

89 2521 218 2582 5511111151
241 2522 408 2581 semuncias
432 2519 563 2598 singulas
587 2523 617 2581 in
641 2539 733 2581 unum
757 2521 897 2582 miscebis
921 2529 950 2582 et
972 2529 1052 2582 teres
1071 2529 1102 2582 et

89 2628 181 2687 aquae
204 2608 331 2669 mundae
355 2608 479 2687 frigidae
504 2611 689 2688 quartarium
712 2609 822 2670 adicies
842 2618 872 2670 et
890 2610 1052 2688 coagitabis
1071 2618 1102 2671 et

88 2699 207 2758 ieiunus
231 2697 405 2759 calefactum
428 2697 536 2758 leniter
563 2697 660 2778 bibes;
689 2707 752 2758 tum
781 2697 983 2758 deambulabis
1012 2706 1102 2777 atque

89 2787 168 2845 inter
187 2784 434 2846 deambulandum
453 2785 577 2847 calidam
600 2804 706 2864 aquam
730 2785 879 2864 paulatim,
903 2787 1041 2862 quotiens
1060 2788 1102 2846 vi·

48 2888 76 2928 eo
91 2890 156 2932 sum
181 2873 279 2953 fuerit,
302 2891 415 2955 sumes;
439 2882 576 2953 potenter
599 2875 656 2936 hoc
679 2873 811 2933 remedio
830 2880 964 2932 ventrem
983 2890 1100 2932 moran·

90 2968 152 3020 tem
175 2960 309 3040 bilesque
332 2962 482 3040 purgabis.

179 3049 320 3128 Malagma
342 3052 548 3129 purgatorium
572 3050 608 3111 ad
625 3049 776 3130 parvulos,
797 3051 824 3110 si
842 3048 880 3109 ob
898 3047 1101 3108 infirmitatem
1120 3060 1156 3110 80

90 3139 241 3217 potionem
255 3142 456 3217 purgatoriam
471 3138 573 3199 bibere
589 3146 640 3199 aut
654 3139 802 3200 sustinere
816 3156 876 3198 non
890 3145 1030 3216 possunt:
1044 3136 1102 3197 Lu·

90 3227 177 3305 pinos
197 3225 305 3287 crudos
324 3228 420 3288 siccos
437 3229 468 3288 in
483 3227 568 3287 ollam
583 3245 689 3287 novam
703 3229 810 3288 missos
824 3228 855 3287 in
870 3227 957 3287 furno
972 3224 1103 3287 torrebis

182 3361 338 3429 lpaulolo.
428 3362 640 3417 abrittanicae.
704 3361 857 3423 ,311155
953 3361 1102 3417 61515115.

92 3437 125 3486 10
144 3430 288 3500 paniolum
307 3436 356 3486 Im
374 3433 521 3501 paululum
539 3437 596 3488 2m.
674 3437 707 3487 26
728 3433 832 3488 scilliti.
912 3436 947 3487 30
966 3433 1104 3489 antehoc

88 3503 154 3559 cdd.
173 3518 224 3572 per
241 3507 294 3559 2m
310 3518 398 3573 cupra
415 3504 465 3559 lin.
536 3502 701 3558 remedium.
