<?xml version="1.0" encoding="UTF-8"?>
<!DOCTYPE html PUBLIC "-//W3C//DTD XHTML 1.0 Transitional//EN"
    "http://www.w3.org/TR/xhtml1/DTD/xhtml1-transitional.dtd">
<html xmlns="http://www.w3.org/1999/xhtml" xml:lang="en" lang="en">
 <head>
  <title>
</title>
<meta http-equiv="Content-Type" content="text/html;charset=utf-8" />
  <meta name='ocr-system' content='tesseract 3.04.00' />
  <meta name='ocr-capabilities' content='ocr_page ocr_carea ocr_par ocr_line ocrx_word'/>
</head>
<body>
  <div class='ocr_page' id='page_1' title='image "./marcellidemedic01helmgoog_0121.png"; bbox 0 0 2438 3802; ppageno 0'>
   <div class='ocr_carea' id='block_1_1' title="bbox 519 153 758 218">
    <p class='ocr_par' dir='ltr' id='par_1_1' title="bbox 519 153 758 218">
     <span class='ocr_line' id='line_1_1' title="bbox 519 153 758 218; baseline 0 -1"><span class='ocrx_word' id='word_1_1' title='bbox 519 153 758 218; x_wconf 87' lang='lat'>-110-</span> 
     </span>
    </p>
   </div>
   <div class='ocr_carea' id='block_1_2' title="bbox 74 314 1188 3322">
    <p class='ocr_par' dir='ltr' id='par_1_2' title="bbox 74 314 1188 3322">
     <span class='ocr_line' id='line_1_2' title="bbox 132 314 1147 396; baseline -0.001 -21"><span class='ocrx_word' id='word_1_2' title='bbox 132 316 263 396; x_wconf 88' lang='lat' dir='ltr'>inlitum,</span> <span class='ocrx_word' id='word_1_3' title='bbox 292 315 408 376; x_wconf 82' lang='lat' dir='ltr'>cocleae</span> <span class='ocrx_word' id='word_1_4' title='bbox 436 317 581 376; x_wconf 77' lang='lat' dir='ltr'>contritae</span> <span class='ocrx_word' id='word_1_5' title='bbox 610 322 640 376; x_wconf 91' lang='lat' dir='ltr'>et</span> <span class='ocrx_word' id='word_1_6' title='bbox 666 315 758 375; x_wconf 86' lang='lat' dir='ltr'>fronti</span> <span class='ocrx_word' id='word_1_7' title='bbox 785 314 885 374; x_wconf 92' lang='lat' dir='ltr'>inlitae</span> <span class='ocrx_word' id='word_1_8' title='bbox 915 314 1052 374; x_wconf 89' lang='lat' dir='ltr'>similiter</span> <span class='ocrx_word' id='word_1_9' title='bbox 1079 334 1147 392; x_wconf 88' lang='lat' dir='ltr'>pro·</span> 
     </span>
     <span class='ocr_line' id='line_1_3' title="bbox 80 403 1147 482; baseline 0 -18"><span class='ocrx_word' id='word_1_10' title='bbox 80 416 113 466; x_wconf 76' lang='lat'>25</span> <span class='ocrx_word' id='word_1_11' title='bbox 134 412 212 465; x_wconf 88' lang='lat' dir='ltr'>sunt.</span> <span class='ocrx_word' id='word_1_12' title='bbox 249 407 358 465; x_wconf 79' lang='lat' dir='ltr'>Aranei</span> <span class='ocrx_word' id='word_1_13' title='bbox 381 405 437 465; x_wconf 88' lang='lat' dir='ltr'>tela</span> <span class='ocrx_word' id='word_1_14' title='bbox 462 407 540 465; x_wconf 89' lang='lat' dir='ltr'>sicca</span> <span class='ocrx_word' id='word_1_15' title='bbox 564 404 696 482; x_wconf 85' lang='lat' dir='ltr'>adposita</span> <span class='ocrx_word' id='word_1_16' title='bbox 720 403 858 464; x_wconf 80' lang='lat' dir='ltr'>subvenit</span> <span class='ocrx_word' id='word_1_17' title='bbox 876 406 993 463; x_wconf 90' lang='lat' dir='ltr'>narium</span> <span class='ocrx_word' id='word_1_18' title='bbox 1012 406 1147 464; x_wconf 91' lang='lat' dir='ltr'>cruentis</span> 
     </span>
     <span class='ocr_line' id='line_1_4' title="bbox 132 492 1147 574; baseline -0.002 -20"><span class='ocrx_word' id='word_1_19' title='bbox 132 493 286 574; x_wconf 84' lang='lat' dir='ltr'>fluoribus,</span> <span class='ocrx_word' id='word_1_20' title='bbox 311 512 345 553; x_wconf 82' lang='lat' dir='ltr'>ex</span> <span class='ocrx_word' id='word_1_21' title='bbox 370 495 497 554; x_wconf 85' lang='lat' dir='ltr'>ferventi</span> <span class='ocrx_word' id='word_1_22' title='bbox 520 512 594 572; x_wconf 89' lang='lat' dir='ltr'>aqua</span> <span class='ocrx_word' id='word_1_23' title='bbox 618 510 709 570; x_wconf 87' lang='lat' dir='ltr'>vapor</span> <span class='ocrx_word' id='word_1_24' title='bbox 732 492 854 552; x_wconf 92' lang='lat' dir='ltr'>naribus</span> <span class='ocrx_word' id='word_1_25' title='bbox 876 499 990 552; x_wconf 90' lang='lat' dir='ltr'>tractus</span> <span class='ocrx_word' id='word_1_26' title='bbox 1009 492 1147 553; x_wconf 90' lang='lat' dir='ltr'>medetur</span> 
     </span>
     <span class='ocr_line' id='line_1_5' title="bbox 78 580 1148 661; baseline 0 -19"><span class='ocrx_word' id='word_1_27' title='bbox 78 593 112 643; x_wconf 79' lang='grc'>36</span> <span class='ocrx_word' id='word_1_28' title='bbox 132 602 234 644; x_wconf 90' lang='lat' dir='ltr'>earum</span> <span class='ocrx_word' id='word_1_29' title='bbox 258 582 412 661; x_wconf 89' lang='lat' dir='ltr'>gravidini.</span> <span class='ocrx_word' id='word_1_30' title='bbox 458 581 618 641; x_wconf 90' lang='lat' dir='ltr'>Gallinacei</span> <span class='ocrx_word' id='word_1_31' title='bbox 641 581 799 641; x_wconf 90' lang='lat' dir='ltr'>cerebrum</span> <span class='ocrx_word' id='word_1_32' title='bbox 823 580 869 640; x_wconf 87' lang='lat' dir='ltr'>vel</span> <span class='ocrx_word' id='word_1_33' title='bbox 892 583 1012 659; x_wconf 88' lang='lat' dir='ltr'>sanguis</span> <span class='ocrx_word' id='word_1_34' title='bbox 1036 581 1148 642; x_wconf 92' lang='lat' dir='ltr'>colum-</span> 
     </span>
     <span class='ocr_line' id='line_1_6' title="bbox 131 669 1175 748; baseline -0.006 -16"><span class='ocrx_word' id='word_1_35' title='bbox 131 672 220 732; x_wconf 90' lang='lat' dir='ltr'>binus</span> <span class='ocrx_word' id='word_1_36' title='bbox 248 670 286 731; x_wconf 95' lang='lat' dir='ltr'>ob</span> <span class='ocrx_word' id='word_1_37' title='bbox 312 670 341 730; x_wconf 92' lang='lat' dir='ltr'>id</span> <span class='ocrx_word' id='word_1_38' title='bbox 366 679 501 730; x_wconf 89' lang='lat' dir='ltr'>servatus</span> <span class='ocrx_word' id='word_1_39' title='bbox 525 670 716 747; x_wconf 87' lang='lat' dir='ltr'>remedioque</span> <span class='ocrx_word' id='word_1_40' title='bbox 740 669 889 730; x_wconf 89' lang='lat' dir='ltr'>adbibitus</span> <span class='ocrx_word' id='word_1_41' title='bbox 913 669 1035 729; x_wconf 89' lang='lat' dir='ltr'>naribus</span> <span class='ocrx_word' id='word_1_42' title='bbox 1058 670 1175 748; x_wconf 82' lang='lat' dir='ltr'>prod-5</span> 
     </span>
     <span class='ocr_line' id='line_1_7' title="bbox 132 758 1147 840; baseline -0.002 -20"><span class='ocrx_word' id='word_1_43' title='bbox 132 768 190 840; x_wconf 82' lang='lat' dir='ltr'>est,</span> <span class='ocrx_word' id='word_1_44' title='bbox 220 760 272 819; x_wconf 89' lang='lat' dir='ltr'>sed</span> <span class='ocrx_word' id='word_1_45' title='bbox 301 762 327 819; x_wconf 95' lang='lat' dir='ltr'>si</span> <span class='ocrx_word' id='word_1_46' title='bbox 354 777 388 819; x_wconf 83' lang='lat' dir='ltr'>ex</span> <span class='ocrx_word' id='word_1_47' title='bbox 413 758 535 818; x_wconf 85' lang='lat' dir='ltr'>vulnere</span> <span class='ocrx_word' id='word_1_48' title='bbox 559 760 714 819; x_wconf 84' lang='lat' dir='ltr'>immodice</span> <span class='ocrx_word' id='word_1_49' title='bbox 737 759 810 818; x_wconf 90' lang='lat' dir='ltr'>lluat</span> <span class='ocrx_word' id='word_1_50' title='bbox 834 760 962 837; x_wconf 84' lang='lat' dir='ltr'>sanguis,</span> <span class='ocrx_word' id='word_1_51' title='bbox 988 759 1077 818; x_wconf 88' lang='lat' dir='ltr'>fimus</span> <span class='ocrx_word' id='word_1_52' title='bbox 1101 777 1147 818; x_wconf 94' lang='lat' dir='ltr'>ca-</span> 
     </span>
     <span class='ocr_line' id='line_1_8' title="bbox 78 846 1146 926; baseline -0.001 -19"><span class='ocrx_word' id='word_1_53' title='bbox 78 859 111 907; x_wconf 73' lang='grc'>37</span> <span class='ocrx_word' id='word_1_54' title='bbox 131 846 259 908; x_wconf 89' lang='lat' dir='ltr'>ballinus</span> <span class='ocrx_word' id='word_1_55' title='bbox 283 847 430 925; x_wconf 89' lang='lat' dir='ltr'>quomodo</span> <span class='ocrx_word' id='word_1_56' title='bbox 454 849 587 924; x_wconf 80' lang='lat' dir='ltr'>egeritur</span> <span class='ocrx_word' id='word_1_57' title='bbox 614 847 767 926; x_wconf 89' lang='lat' dir='ltr'>adpositus</span> <span class='ocrx_word' id='word_1_58' title='bbox 792 849 891 906; x_wconf 90' lang='lat' dir='ltr'>statim</span> <span class='ocrx_word' id='word_1_59' title='bbox 915 847 1061 906; x_wconf 83' lang='lat' dir='ltr'>subvenit.</span> <span class='ocrx_word' id='word_1_60' title='bbox 1104 846 1146 906; x_wconf 88' lang='lat' dir='ltr'>De</span> 
     </span>
     <span class='ocr_line' id='line_1_9' title="bbox 78 935 1147 1016; baseline 0.001 -22"><span class='ocrx_word' id='word_1_61' title='bbox 78 947 112 995; x_wconf 80' lang='lat'>28</span> <span class='ocrx_word' id='word_1_62' title='bbox 130 955 220 1016; x_wconf 91' lang='lat' dir='ltr'>porro</span> <span class='ocrx_word' id='word_1_63' title='bbox 245 938 355 995; x_wconf 88' lang='lat' dir='ltr'>sectivo</span> <span class='ocrx_word' id='word_1_64' title='bbox 380 938 450 995; x_wconf 89' lang='lat' dir='ltr'>trito</span> <span class='ocrx_word' id='word_1_65' title='bbox 475 953 563 996; x_wconf 91' lang='lat' dir='ltr'>nares</span> <span class='ocrx_word' id='word_1_66' title='bbox 586 935 712 996; x_wconf 85' lang='lat' dir='ltr'>fluentes</span> <span class='ocrx_word' id='word_1_67' title='bbox 737 943 818 996; x_wconf 89' lang='lat' dir='ltr'>recte</span> <span class='ocrx_word' id='word_1_68' title='bbox 843 935 1029 996; x_wconf 89' lang='lat' dir='ltr'>obturantur.</span> <span class='ocrx_word' id='word_1_69' title='bbox 1065 935 1147 995; x_wconf 93' lang='lat' dir='ltr'>Lana</span> 
     </span>
     <span class='ocr_line' id='line_1_10' title="bbox 132 1023 1146 1085; baseline -0.001 -1"><span class='ocrx_word' id='word_1_70' title='bbox 132 1024 233 1085; x_wconf 89' lang='lat' dir='ltr'>sucida</span> <span class='ocrx_word' id='word_1_71' title='bbox 258 1026 384 1084; x_wconf 89' lang='lat' dir='ltr'>coicitur</span> <span class='ocrx_word' id='word_1_72' title='bbox 407 1027 438 1084; x_wconf 92' lang='lat' dir='ltr'>in</span> <span class='ocrx_word' id='word_1_73' title='bbox 462 1043 550 1084; x_wconf 87' lang='lat' dir='ltr'>nares</span> <span class='ocrx_word' id='word_1_74' title='bbox 574 1043 642 1085; x_wconf 91' lang='lat' dir='ltr'>cum</span> <span class='ocrx_word' id='word_1_75' title='bbox 664 1024 727 1084; x_wconf 86' lang='lat' dir='ltr'>olco</span> <span class='ocrx_word' id='word_1_76' title='bbox 747 1042 871 1085; x_wconf 91' lang='lat' dir='ltr'>rosaceo</span> <span class='ocrx_word' id='word_1_77' title='bbox 891 1031 920 1083; x_wconf 90' lang='lat' dir='ltr'>et</span> <span class='ocrx_word' id='word_1_78' title='bbox 939 1023 1089 1084; x_wconf 82' lang='lat' dir='ltr'>auriculae</span> <span class='ocrx_word' id='word_1_79' title='bbox 1109 1024 1146 1084; x_wconf 92' lang='lat' dir='ltr'>de</span> 
     </span>
     <span class='ocr_line' id='line_1_11' title="bbox 130 1112 1188 1190; baseline -0.004 -17"><span class='ocrx_word' id='word_1_80' title='bbox 130 1113 195 1173; x_wconf 91' lang='lat' dir='ltr'>lana</span> <span class='ocrx_word' id='word_1_81' title='bbox 221 1112 322 1173; x_wconf 89' lang='lat' dir='ltr'>sucida</span> <span class='ocrx_word' id='word_1_82' title='bbox 347 1112 524 1174; x_wconf 89' lang='lat' dir='ltr'>obturantur</span> <span class='ocrx_word' id='word_1_83' title='bbox 548 1116 636 1173; x_wconf 91' lang='lat' dir='ltr'>etita</span> <span class='ocrx_word' id='word_1_84' title='bbox 656 1115 776 1190; x_wconf 88' lang='lat' dir='ltr'>sanguis</span> <span class='ocrx_word' id='word_1_85' title='bbox 795 1113 946 1190; x_wconf 90' lang='lat' dir='ltr'>prolluens</span> <span class='ocrx_word' id='word_1_86' title='bbox 965 1114 1146 1173; x_wconf 90' lang='lat' dir='ltr'>continetur.</span> <span class='ocrx_word' id='word_1_87' title='bbox 1162 1129 1188 1168; x_wconf 84' lang='lat' dir='ltr'>ro</span> 
     </span>
     <span class='ocr_line' id='line_1_12' title="bbox 78 1201 1147 1281; baseline 0.001 -20"><span class='ocrx_word' id='word_1_88' title='bbox 78 1213 111 1263; x_wconf 80' lang='lat'>29</span> <span class='ocrx_word' id='word_1_89' title='bbox 131 1202 294 1281; x_wconf 86' lang='lat' dir='ltr'>Coagulum</span> <span class='ocrx_word' id='word_1_90' title='bbox 317 1205 457 1280; x_wconf 91' lang='lat' dir='ltr'>agninum</span> <span class='ocrx_word' id='word_1_91' title='bbox 482 1222 518 1262; x_wconf 83' lang='lat' dir='ltr'>ex</span> <span class='ocrx_word' id='word_1_92' title='bbox 541 1220 617 1280; x_wconf 88' lang='lat' dir='ltr'>aqua</span> <span class='ocrx_word' id='word_1_93' title='bbox 640 1201 797 1262; x_wconf 89' lang='lat' dir='ltr'>subactum</span> <span class='ocrx_word' id='word_1_94' title='bbox 820 1210 850 1261; x_wconf 91' lang='lat' dir='ltr'>et</span> <span class='ocrx_word' id='word_1_95' title='bbox 871 1201 1003 1261; x_wconf 84' lang='lat' dir='ltr'>infusum</span> <span class='ocrx_word' id='word_1_96' title='bbox 1023 1201 1147 1262; x_wconf 87' lang='lat' dir='ltr'>naribus</span> 
     </span>
     <span class='ocr_line' id='line_1_13' title="bbox 77 1289 1146 1370; baseline -0.001 -19"><span class='ocrx_word' id='word_1_97' title='bbox 77 1303 111 1351; x_wconf 86' lang='grc' dir='ltr'>3ο</span> <span class='ocrx_word' id='word_1_98' title='bbox 130 1291 293 1351; x_wconf 87' lang='lat' dir='ltr'>fluentibus</span> <span class='ocrx_word' id='word_1_99' title='bbox 317 1293 391 1351; x_wconf 91' lang='lat' dir='ltr'>mire</span> <span class='ocrx_word' id='word_1_100' title='bbox 416 1291 545 1369; x_wconf 87' lang='lat' dir='ltr'>prodest.</span> <span class='ocrx_word' id='word_1_101' title='bbox 582 1292 681 1368; x_wconf 77' lang='lat' dir='ltr'>bdeps</span> <span class='ocrx_word' id='word_1_102' title='bbox 705 1290 741 1349; x_wconf 91' lang='lat' dir='ltr'>de</span> <span class='ocrx_word' id='word_1_103' title='bbox 765 1289 921 1350; x_wconf 78' lang='lat' dir='ltr'>anseribus</span> <span class='ocrx_word' id='word_1_104' title='bbox 945 1308 1013 1350; x_wconf 90' lang='lat' dir='ltr'>cum</span> <span class='ocrx_word' id='word_1_105' title='bbox 1037 1290 1146 1370; x_wconf 82' lang='lat' dir='ltr'>butyro</span> 
     </span>
     <span class='ocr_line' id='line_1_14' title="bbox 77 1378 1146 1458; baseline -0.001 -18"><span class='ocrx_word' id='word_1_106' title='bbox 77 1391 110 1440; x_wconf 86' lang='grc'>31</span> <span class='ocrx_word' id='word_1_107' title='bbox 131 1383 197 1458; x_wconf 88' lang='lat' dir='ltr'>pari</span> <span class='ocrx_word' id='word_1_108' title='bbox 219 1379 351 1458; x_wconf 89' lang='lat' dir='ltr'>pondere</span> <span class='ocrx_word' id='word_1_109' title='bbox 375 1380 492 1441; x_wconf 90' lang='lat' dir='ltr'>infusus</span> <span class='ocrx_word' id='word_1_110' title='bbox 516 1380 694 1458; x_wconf 87' lang='lat' dir='ltr'>profluvium</span> <span class='ocrx_word' id='word_1_111' title='bbox 717 1381 834 1439; x_wconf 91' lang='lat' dir='ltr'>narium</span> <span class='ocrx_word' id='word_1_112' title='bbox 858 1381 945 1439; x_wconf 90' lang='lat' dir='ltr'>sistit.</span> <span class='ocrx_word' id='word_1_113' title='bbox 983 1378 1075 1438; x_wconf 88' lang='lat' dir='ltr'>Terra</span> <span class='ocrx_word' id='word_1_114' title='bbox 1100 1380 1146 1439; x_wconf 88' lang='lat' dir='ltr'>vel</span> 
     </span>
     <span class='ocr_line' id='line_1_15' title="bbox 131 1469 1145 1547; baseline -0.001 -19"><span class='ocrx_word' id='word_1_115' title='bbox 131 1469 232 1547; x_wconf 89' lang='lat' dir='ltr'>argilla</span> <span class='ocrx_word' id='word_1_116' title='bbox 256 1469 292 1528; x_wconf 91' lang='lat' dir='ltr'>de</span> <span class='ocrx_word' id='word_1_117' title='bbox 316 1471 431 1529; x_wconf 89' lang='lat' dir='ltr'>camino</span> <span class='ocrx_word' id='word_1_118' title='bbox 455 1469 500 1528; x_wconf 90' lang='lat' dir='ltr'>vel</span> <span class='ocrx_word' id='word_1_119' title='bbox 524 1469 560 1528; x_wconf 93' lang='lat' dir='ltr'>de</span> <span class='ocrx_word' id='word_1_120' title='bbox 579 1469 668 1528; x_wconf 84' lang='lat' dir='ltr'>furno</span> <span class='ocrx_word' id='word_1_121' title='bbox 687 1470 808 1546; x_wconf 86' lang='lat' dir='ltr'>antiquo</span> <span class='ocrx_word' id='word_1_122' title='bbox 828 1469 937 1527; x_wconf 89' lang='lat' dir='ltr'>teritur</span> <span class='ocrx_word' id='word_1_123' title='bbox 956 1475 986 1527; x_wconf 91' lang='lat' dir='ltr'>et</span> <span class='ocrx_word' id='word_1_124' title='bbox 1005 1486 1041 1527; x_wconf 84' lang='lat' dir='ltr'>ex</span> <span class='ocrx_word' id='word_1_125' title='bbox 1060 1475 1145 1527; x_wconf 90' lang='lat' dir='ltr'>aceto</span> 
     </span>
     <span class='ocr_line' id='line_1_16' title="bbox 130 1555 1187 1636; baseline -0.006 -19"><span class='ocrx_word' id='word_1_126' title='bbox 130 1556 316 1636; x_wconf 82' lang='lat' dir='ltr'>temporibus</span> <span class='ocrx_word' id='word_1_127' title='bbox 345 1564 375 1616; x_wconf 90' lang='lat' dir='ltr'>et</span> <span class='ocrx_word' id='word_1_128' title='bbox 405 1556 543 1635; x_wconf 89' lang='lat' dir='ltr'>cerebro,</span> <span class='ocrx_word' id='word_1_129' title='bbox 571 1556 693 1616; x_wconf 89' lang='lat' dir='ltr'>naribus</span> <span class='ocrx_word' id='word_1_130' title='bbox 721 1575 839 1635; x_wconf 75' lang='lat' dir='ltr'>quoque</span> <span class='ocrx_word' id='word_1_131' title='bbox 867 1555 1004 1616; x_wconf 89' lang='lat' dir='ltr'>inlinitur</span> <span class='ocrx_word' id='word_1_132' title='bbox 1028 1556 1072 1616; x_wconf 89' lang='lat' dir='ltr'>vel</span> <span class='ocrx_word' id='word_1_133' title='bbox 1100 1559 1187 1616; x_wconf 82' lang='lat' dir='ltr'>in-1s</span> 
     </span>
     <span class='ocr_line' id='line_1_17' title="bbox 77 1645 1145 1725; baseline -0.004 -19"><span class='ocrx_word' id='word_1_134' title='bbox 77 1657 110 1706; x_wconf 79' lang='lat'>32</span> <span class='ocrx_word' id='word_1_135' title='bbox 130 1646 274 1725; x_wconf 86' lang='lat' dir='ltr'>funditur,</span> <span class='ocrx_word' id='word_1_136' title='bbox 296 1663 371 1723; x_wconf 92' lang='lat' dir='ltr'>quae</span> <span class='ocrx_word' id='word_1_137' title='bbox 391 1663 440 1704; x_wconf 91' lang='lat' dir='ltr'>res</span> <span class='ocrx_word' id='word_1_138' title='bbox 452 1645 651 1723; x_wconf 85' lang='lat' dir='ltr'>profluentem</span> <span class='ocrx_word' id='word_1_139' title='bbox 669 1647 759 1705; x_wconf 91' lang='lat' dir='ltr'>nimie</span> <span class='ocrx_word' id='word_1_140' title='bbox 774 1647 948 1723; x_wconf 88' lang='lat' dir='ltr'>sanguinem</span> <span class='ocrx_word' id='word_1_141' title='bbox 968 1647 1055 1706; x_wconf 89' lang='lat' dir='ltr'>sistit.</span> <span class='ocrx_word' id='word_1_142' title='bbox 1083 1645 1145 1704; x_wconf 87' lang='lat' dir='ltr'>Tus</span> 
     </span>
     <span class='ocr_line' id='line_1_18' title="bbox 131 1733 1146 1813; baseline 0 -19"><span class='ocrx_word' id='word_1_143' title='bbox 131 1743 160 1794; x_wconf 90' lang='lat' dir='ltr'>et</span> <span class='ocrx_word' id='word_1_144' title='bbox 179 1737 277 1794; x_wconf 89' lang='lat' dir='ltr'>resina</span> <span class='ocrx_word' id='word_1_145' title='bbox 296 1737 327 1794; x_wconf 92' lang='lat' dir='ltr'>in</span> <span class='ocrx_word' id='word_1_146' title='bbox 347 1734 471 1793; x_wconf 83' lang='lat' dir='ltr'>farinam</span> <span class='ocrx_word' id='word_1_147' title='bbox 490 1733 608 1794; x_wconf 90' lang='lat' dir='ltr'>redacta</span> <span class='ocrx_word' id='word_1_148' title='bbox 628 1733 751 1794; x_wconf 89' lang='lat' dir='ltr'>naribus</span> <span class='ocrx_word' id='word_1_149' title='bbox 773 1734 926 1813; x_wconf 81' lang='lat' dir='ltr'>induntur,</span> <span class='ocrx_word' id='word_1_150' title='bbox 951 1734 1031 1812; x_wconf 87' lang='lat' dir='ltr'>quod</span> <span class='ocrx_word' id='word_1_151' title='bbox 1049 1752 1146 1794; x_wconf 91' lang='lat' dir='ltr'>reme·</span> 
     </span>
     <span class='ocr_line' id='line_1_19' title="bbox 77 1822 1145 1900; baseline 0 -18"><span class='ocrx_word' id='word_1_152' title='bbox 77 1833 110 1882; x_wconf 87' lang='grc'>33</span> <span class='ocrx_word' id='word_1_153' title='bbox 131 1823 212 1882; x_wconf 90' lang='lat' dir='ltr'>dium</span> <span class='ocrx_word' id='word_1_154' title='bbox 237 1824 325 1882; x_wconf 91' lang='lat' dir='ltr'>etiam</span> <span class='ocrx_word' id='word_1_155' title='bbox 345 1841 381 1882; x_wconf 85' lang='lat' dir='ltr'>ex</span> <span class='ocrx_word' id='word_1_156' title='bbox 401 1841 452 1883; x_wconf 90' lang='lat' dir='ltr'>ore</span> <span class='ocrx_word' id='word_1_157' title='bbox 471 1831 639 1883; x_wconf 86' lang='lat' dir='ltr'>manantem</span> <span class='ocrx_word' id='word_1_158' title='bbox 660 1824 832 1900; x_wconf 90' lang='lat' dir='ltr'>sanguinem</span> <span class='ocrx_word' id='word_1_159' title='bbox 853 1822 979 1882; x_wconf 88' lang='lat' dir='ltr'>cohibet.</span> <span class='ocrx_word' id='word_1_160' title='bbox 1016 1822 1058 1882; x_wconf 91' lang='lat' dir='ltr'>De</span> <span class='ocrx_word' id='word_1_161' title='bbox 1078 1841 1145 1882; x_wconf 92' lang='lat' dir='ltr'>san·</span> 
     </span>
     <span class='ocr_line' id='line_1_20' title="bbox 130 1910 1145 1991; baseline 0.003 -22"><span class='ocrx_word' id='word_1_162' title='bbox 130 1912 219 1989; x_wconf 90' lang='lat' dir='ltr'>gnine</span> <span class='ocrx_word' id='word_1_163' title='bbox 242 1913 308 1988; x_wconf 89' lang='lat' dir='ltr'>ipso</span> <span class='ocrx_word' id='word_1_164' title='bbox 332 1913 384 1989; x_wconf 92' lang='lat' dir='ltr'>qui</span> <span class='ocrx_word' id='word_1_165' title='bbox 406 1910 473 1971; x_wconf 88' lang='lat' dir='ltr'>fluit</span> <span class='ocrx_word' id='word_1_166' title='bbox 495 1930 603 1973; x_wconf 91' lang='lat' dir='ltr'>nomen</span> <span class='ocrx_word' id='word_1_167' title='bbox 627 1915 692 1972; x_wconf 92' lang='lat' dir='ltr'>eius</span> <span class='ocrx_word' id='word_1_168' title='bbox 716 1913 746 1971; x_wconf 92' lang='lat' dir='ltr'>in</span> <span class='ocrx_word' id='word_1_169' title='bbox 765 1911 862 1971; x_wconf 82' lang='lat' dir='ltr'>fronte</span> <span class='ocrx_word' id='word_1_170' title='bbox 882 1911 989 1991; x_wconf 83' lang='lat' dir='ltr'>scribe,</span> <span class='ocrx_word' id='word_1_171' title='bbox 1013 1914 1061 1971; x_wconf 93' lang='lat' dir='ltr'>cui</span> <span class='ocrx_word' id='word_1_172' title='bbox 1085 1931 1145 1972; x_wconf 94' lang='lat' dir='ltr'>me-</span> 
     </span>
     <span class='ocr_line' id='line_1_21' title="bbox 130 1999 1186 2080; baseline -0.003 -21"><span class='ocrx_word' id='word_1_173' title='bbox 130 1999 258 2060; x_wconf 87' lang='lat' dir='ltr'>dendum</span> <span class='ocrx_word' id='word_1_174' title='bbox 288 2007 346 2080; x_wconf 79' lang='lat' dir='ltr'>est,</span> <span class='ocrx_word' id='word_1_175' title='bbox 379 2000 535 2074; x_wconf 83' lang='lat' dir='ltr'>adversum</span> <span class='ocrx_word' id='word_1_176' title='bbox 566 2001 744 2080; x_wconf 82' lang='lat' dir='ltr'>profluvium</span> <span class='ocrx_word' id='word_1_177' title='bbox 772 2002 905 2080; x_wconf 86' lang='lat' dir='ltr'>narium,</span> <span class='ocrx_word' id='word_1_178' title='bbox 942 2002 1042 2059; x_wconf 89' lang='lat' dir='ltr'>statim</span> <span class='ocrx_word' id='word_1_179' title='bbox 1075 2000 1143 2061; x_wconf 89' lang='lat' dir='ltr'>sub·</span> <span class='ocrx_word' id='word_1_180' title='bbox 1159 2017 1186 2056; x_wconf 83' lang='lat' dir='ltr'>ao</span> 
     </span>
     <span class='ocr_line' id='line_1_22' title="bbox 77 2087 1145 2168; baseline 0.001 -20"><span class='ocrx_word' id='word_1_181' title='bbox 77 2099 111 2149; x_wconf 83' lang='grc'>34</span> <span class='ocrx_word' id='word_1_182' title='bbox 130 2091 238 2148; x_wconf 91' lang='lat' dir='ltr'>venies.</span> <span class='ocrx_word' id='word_1_183' title='bbox 263 2087 383 2148; x_wconf 91' lang='lat' dir='ltr'>Scribes</span> <span class='ocrx_word' id='word_1_184' title='bbox 398 2109 518 2150; x_wconf 87' lang='lat' dir='ltr'>carmen</span> <span class='ocrx_word' id='word_1_185' title='bbox 531 2091 585 2151; x_wconf 92' lang='lat' dir='ltr'>boc</span> <span class='ocrx_word' id='word_1_186' title='bbox 600 2093 632 2151; x_wconf 92' lang='lat' dir='ltr'>in</span> <span class='ocrx_word' id='word_1_187' title='bbox 647 2090 747 2150; x_wconf 94' lang='lat' dir='ltr'>cbarta</span> <span class='ocrx_word' id='word_1_188' title='bbox 760 2091 874 2167; x_wconf 89' lang='lat' dir='ltr'>virgine</span> <span class='ocrx_word' id='word_1_189' title='bbox 890 2097 919 2148; x_wconf 91' lang='lat' dir='ltr'>et</span> <span class='ocrx_word' id='word_1_190' title='bbox 933 2088 1024 2148; x_wconf 91' lang='lat' dir='ltr'>linteo</span> <span class='ocrx_word' id='word_1_191' title='bbox 1039 2088 1145 2168; x_wconf 83' lang='lat' dir='ltr'>ligabis</span> 
     </span>
     <span class='ocr_line' id='line_1_23' title="bbox 130 2177 1143 2258; baseline -0.001 -20"><span class='ocrx_word' id='word_1_192' title='bbox 130 2187 160 2238; x_wconf 94' lang='lat' dir='ltr'>et</span> <span class='ocrx_word' id='word_1_193' title='bbox 187 2177 318 2238; x_wconf 89' lang='lat' dir='ltr'>medium</span> <span class='ocrx_word' id='word_1_194' title='bbox 346 2180 449 2256; x_wconf 84' lang='lat' dir='ltr'>cinges</span> <span class='ocrx_word' id='word_1_195' title='bbox 478 2197 546 2238; x_wconf 91' lang='lat' dir='ltr'>eum</span> <span class='ocrx_word' id='word_1_196' title='bbox 575 2179 619 2239; x_wconf 86' lang='lat' dir='ltr'>vel</span> <span class='ocrx_word' id='word_1_197' title='bbox 650 2197 727 2258; x_wconf 83' lang='lat' dir='ltr'>eam,</span> <span class='ocrx_word' id='word_1_198' title='bbox 756 2196 830 2256; x_wconf 88' lang='lat' dir='ltr'>quae</span> <span class='ocrx_word' id='word_1_199' title='bbox 859 2179 988 2255; x_wconf 88' lang='lat' dir='ltr'>patietur</span> <span class='ocrx_word' id='word_1_200' title='bbox 1012 2177 1048 2237; x_wconf 90' lang='lat' dir='ltr'>dc</span> <span class='ocrx_word' id='word_1_201' title='bbox 1072 2197 1143 2256; x_wconf 88' lang='lat' dir='ltr'>qua·</span> 
     </span>
     <span class='ocr_line' id='line_1_24' title="bbox 130 2266 1145 2345; baseline 0 -19"><span class='ocrx_word' id='word_1_202' title='bbox 130 2266 203 2327; x_wconf 92' lang='lat' dir='ltr'>libet</span> <span class='ocrx_word' id='word_1_203' title='bbox 226 2276 309 2345; x_wconf 89' lang='lat' dir='ltr'>parte</span> <span class='ocrx_word' id='word_1_204' title='bbox 334 2269 469 2344; x_wconf 88' lang='lat' dir='ltr'>corporis</span> <span class='ocrx_word' id='word_1_205' title='bbox 493 2269 646 2344; x_wconf 89' lang='lat' dir='ltr'>sanguinis</span> <span class='ocrx_word' id='word_1_206' title='bbox 669 2267 795 2327; x_wconf 81' lang='lat' dir='ltr'>fluxum:</span> <span class='ocrx_word' id='word_1_207' title='bbox 823 2267 886 2344; x_wconf 80' lang='lat' dir='ltr'>siey</span> <span class='ocrx_word' id='word_1_208' title='bbox 909 2285 993 2326; x_wconf 89' lang='lat' dir='ltr'>cuma</span> <span class='ocrx_word' id='word_1_209' title='bbox 1019 2285 1145 2327; x_wconf 90' lang='lat' dir='ltr'>cucuma</span> 
     </span>
     <span class='ocr_line' id='line_1_25' title="bbox 76 2354 1144 2434; baseline -0.001 -18"><span class='ocrx_word' id='word_1_210' title='bbox 76 2365 110 2415; x_wconf 80' lang='lat'>35</span> <span class='ocrx_word' id='word_1_211' title='bbox 130 2372 236 2416; x_wconf 91' lang='lat' dir='ltr'>ucuma</span> <span class='ocrx_word' id='word_1_212' title='bbox 254 2372 339 2414; x_wconf 75' lang='lat' dir='ltr'>crima</span> <span class='ocrx_word' id='word_1_213' title='bbox 353 2372 421 2414; x_wconf 92' lang='lat' dir='ltr'>uma</span> <span class='ocrx_word' id='word_1_214' title='bbox 438 2373 510 2414; x_wconf 89' lang='lat' dir='ltr'>maa.</span> <span class='ocrx_word' id='word_1_215' title='bbox 538 2354 612 2414; x_wconf 90' lang='lat' dir='ltr'>Item</span> <span class='ocrx_word' id='word_1_216' title='bbox 627 2373 746 2415; x_wconf 89' lang='lat' dir='ltr'>carmen</span> <span class='ocrx_word' id='word_1_217' title='bbox 761 2355 817 2414; x_wconf 92' lang='lat' dir='ltr'>boc</span> <span class='ocrx_word' id='word_1_218' title='bbox 832 2354 905 2414; x_wconf 92' lang='lat' dir='ltr'>utile</span> <span class='ocrx_word' id='word_1_219' title='bbox 919 2354 1065 2434; x_wconf 86' lang='lat' dir='ltr'>profluvio</span> <span class='ocrx_word' id='word_1_220' title='bbox 1080 2373 1144 2415; x_wconf 92' lang='lat' dir='ltr'>mu·</span> 
     </span>
     <span class='ocr_line' id='line_1_26' title="bbox 129 2443 1184 2523; baseline 0.001 -20"><span class='ocrx_word' id='word_1_221' title='bbox 129 2443 229 2504; x_wconf 90' lang='lat' dir='ltr'>liebri:</span> <span class='ocrx_word' id='word_1_222' title='bbox 253 2443 397 2521; x_wconf 79' lang='lat' dir='ltr'>stupidus</span> <span class='ocrx_word' id='word_1_223' title='bbox 416 2445 447 2502; x_wconf 93' lang='lat' dir='ltr'>in</span> <span class='ocrx_word' id='word_1_224' title='bbox 467 2453 565 2502; x_wconf 88' lang='lat' dir='ltr'>monte</span> <span class='ocrx_word' id='word_1_225' title='bbox 585 2443 654 2521; x_wconf 90' lang='lat' dir='ltr'>ibat,</span> <span class='ocrx_word' id='word_1_226' title='bbox 678 2443 815 2521; x_wconf 89' lang='lat' dir='ltr'>stupidus</span> <span class='ocrx_word' id='word_1_227' title='bbox 835 2445 963 2523; x_wconf 81' lang='lat' dir='ltr'>stupuit3</span> <span class='ocrx_word' id='word_1_228' title='bbox 989 2443 1093 2504; x_wconf 90' lang='lat' dir='ltr'>adiuro</span> <span class='ocrx_word' id='word_1_229' title='bbox 1114 2453 1141 2504; x_wconf 92' lang='lat' dir='ltr'>te</span> <span class='ocrx_word' id='word_1_230' title='bbox 1157 2451 1184 2493; x_wconf 75' lang='lat'>²⁵</span> 
     </span>
     <span class='ocr_line' id='line_1_27' title="bbox 128 2530 1144 2611; baseline 0 -19"><span class='ocrx_word' id='word_1_231' title='bbox 128 2534 249 2610; x_wconf 82' lang='lat' dir='ltr'>matrix,</span> <span class='ocrx_word' id='word_1_232' title='bbox 278 2550 315 2591; x_wconf 88' lang='lat' dir='ltr'>ne</span> <span class='ocrx_word' id='word_1_233' title='bbox 338 2531 395 2591; x_wconf 89' lang='lat' dir='ltr'>hoc</span> <span class='ocrx_word' id='word_1_234' title='bbox 419 2530 561 2591; x_wconf 91' lang='lat' dir='ltr'>iracunda</span> <span class='ocrx_word' id='word_1_235' title='bbox 585 2533 744 2611; x_wconf 81' lang='lat' dir='ltr'>suscipias3</span> <span class='ocrx_word' id='word_1_236' title='bbox 772 2535 834 2609; x_wconf 87' lang='lat' dir='ltr'>pari</span> <span class='ocrx_word' id='word_1_237' title='bbox 859 2534 974 2593; x_wconf 90' lang='lat' dir='ltr'>ratione</span> <span class='ocrx_word' id='word_1_238' title='bbox 998 2535 1144 2611; x_wconf 85' lang='lat' dir='ltr'>scriptum</span> 
     </span>
     <span class='ocr_line' id='line_1_28' title="bbox 76 2619 1143 2699; baseline -0.002 -17"><span class='ocrx_word' id='word_1_239' title='bbox 76 2632 110 2682; x_wconf 84' lang='grc'>36</span> <span class='ocrx_word' id='word_1_240' title='bbox 130 2621 243 2699; x_wconf 87' lang='lat' dir='ltr'>ligabis.</span> <span class='ocrx_word' id='word_1_241' title='bbox 288 2619 416 2699; x_wconf 80' lang='lat' dir='ltr'>Myrram</span> <span class='ocrx_word' id='word_1_242' title='bbox 443 2637 510 2680; x_wconf 92' lang='lat' dir='ltr'>cum</span> <span class='ocrx_word' id='word_1_243' title='bbox 539 2619 631 2679; x_wconf 89' lang='lat' dir='ltr'>nardo</span> <span class='ocrx_word' id='word_1_244' title='bbox 660 2638 736 2698; x_wconf 86' lang='lat' dir='ltr'>puro</span> <span class='ocrx_word' id='word_1_245' title='bbox 764 2628 885 2680; x_wconf 88' lang='lat' dir='ltr'>contere</span> <span class='ocrx_word' id='word_1_246' title='bbox 912 2628 941 2681; x_wconf 88' lang='lat' dir='ltr'>et</span> <span class='ocrx_word' id='word_1_247' title='bbox 964 2620 1032 2680; x_wconf 91' lang='lat' dir='ltr'>inde</span> <span class='ocrx_word' id='word_1_248' title='bbox 1056 2639 1143 2681; x_wconf 89' lang='lat' dir='ltr'>nares</span> 
     </span>
     <span class='ocr_line' id='line_1_29' title="bbox 128 2707 1143 2788; baseline 0 -18"><span class='ocrx_word' id='word_1_249' title='bbox 128 2719 216 2788; x_wconf 87' lang='lat' dir='ltr'>tange</span> <span class='ocrx_word' id='word_1_250' title='bbox 244 2727 330 2769; x_wconf 90' lang='lat' dir='ltr'>mane</span> <span class='ocrx_word' id='word_1_251' title='bbox 359 2717 389 2768; x_wconf 94' lang='lat' dir='ltr'>et</span> <span class='ocrx_word' id='word_1_252' title='bbox 411 2726 546 2788; x_wconf 89' lang='lat' dir='ltr'>vespera,</span> <span class='ocrx_word' id='word_1_253' title='bbox 575 2707 734 2769; x_wconf 89' lang='lat' dir='ltr'>subvenies</span> <span class='ocrx_word' id='word_1_254' title='bbox 763 2711 900 2787; x_wconf 87' lang='lat' dir='ltr'>sanguini</span> <span class='ocrx_word' id='word_1_255' title='bbox 926 2710 1052 2768; x_wconf 89' lang='lat' dir='ltr'>nimium</span> <span class='ocrx_word' id='word_1_256' title='bbox 1076 2729 1143 2788; x_wconf 86' lang='lat' dir='ltr'>pro·</span> 
     </span>
     <span class='ocr_line' id='line_1_30' title="bbox 76 2796 1142 2875; baseline 0.001 -19"><span class='ocrx_word' id='word_1_257' title='bbox 76 2809 109 2858; x_wconf 74' lang='lat'>37</span> <span class='ocrx_word' id='word_1_258' title='bbox 129 2797 240 2858; x_wconf 84' lang='lat' dir='ltr'>fluenti.</span> <span class='ocrx_word' id='word_1_259' title='bbox 265 2796 375 2857; x_wconf 90' lang='lat' dir='ltr'>Verum</span> <span class='ocrx_word' id='word_1_260' title='bbox 390 2797 516 2857; x_wconf 80' lang='lat' dir='ltr'>ferream</span> <span class='ocrx_word' id='word_1_261' title='bbox 531 2797 706 2859; x_wconf 89' lang='lat' dir='ltr'>candentem</span> <span class='ocrx_word' id='word_1_262' title='bbox 722 2801 751 2858; x_wconf 92' lang='lat' dir='ltr'>in</span> <span class='ocrx_word' id='word_1_263' title='bbox 767 2805 850 2858; x_wconf 89' lang='lat' dir='ltr'>aceto</span> <span class='ocrx_word' id='word_1_264' title='bbox 865 2798 987 2858; x_wconf 90' lang='lat' dir='ltr'>adsidue</span> <span class='ocrx_word' id='word_1_265' title='bbox 1003 2800 1142 2875; x_wconf 82' lang='lat' dir='ltr'>extingue</span> 
     </span>
     <span class='ocr_line' id='line_1_31' title="bbox 76 2886 1184 2965; baseline 0.001 -19"><span class='ocrx_word' id='word_1_266' title='bbox 76 2897 110 2946; x_wconf 87' lang='grc'>33</span> <span class='ocrx_word' id='word_1_267' title='bbox 130 2894 160 2946; x_wconf 90' lang='lat' dir='ltr'>et</span> <span class='ocrx_word' id='word_1_268' title='bbox 183 2886 295 2947; x_wconf 88' lang='lat' dir='ltr'>lumum</span> <span class='ocrx_word' id='word_1_269' title='bbox 319 2889 383 2946; x_wconf 91' lang='lat' dir='ltr'>eius</span> <span class='ocrx_word' id='word_1_270' title='bbox 406 2887 529 2948; x_wconf 87' lang='lat' dir='ltr'>naribus</span> <span class='ocrx_word' id='word_1_271' title='bbox 553 2887 663 2947; x_wconf 90' lang='lat' dir='ltr'>ducito.</span> <span class='ocrx_word' id='word_1_272' title='bbox 700 2887 776 2948; x_wconf 88' lang='lat' dir='ltr'>Ruta</span> <span class='ocrx_word' id='word_1_273' title='bbox 801 2889 919 2965; x_wconf 90' lang='lat' dir='ltr'>saepius</span> <span class='ocrx_word' id='word_1_274' title='bbox 942 2886 1077 2947; x_wconf 77' lang='lat' dir='ltr'>olfactata</span> <span class='ocrx_word' id='word_1_275' title='bbox 1097 2887 1184 2947; x_wconf 71' lang='lat' dir='ltr'>velo</span> 
     </span>
     <span class='ocr_line' id='line_1_32' title="bbox 129 2974 1141 3055; baseline 0.002 -21"><span class='ocrx_word' id='word_1_276' title='bbox 129 2977 199 3034; x_wconf 90' lang='lat' dir='ltr'>trita</span> <span class='ocrx_word' id='word_1_277' title='bbox 221 2974 304 3036; x_wconf 92' lang='lat' dir='ltr'>inlita</span> <span class='ocrx_word' id='word_1_278' title='bbox 328 2978 501 3055; x_wconf 86' lang='lat' dir='ltr'>sanguinem</span> <span class='ocrx_word' id='word_1_279' title='bbox 526 2996 561 3036; x_wconf 85' lang='lat' dir='ltr'>ex</span> <span class='ocrx_word' id='word_1_280' title='bbox 585 2976 707 3037; x_wconf 91' lang='lat' dir='ltr'>naribus</span> <span class='ocrx_word' id='word_1_281' title='bbox 731 2978 819 3036; x_wconf 90' lang='lat' dir='ltr'>nimis</span> <span class='ocrx_word' id='word_1_282' title='bbox 840 2975 981 3037; x_wconf 85' lang='lat' dir='ltr'>fluentem</span> <span class='ocrx_word' id='word_1_283' title='bbox 1000 2977 1141 3036; x_wconf 88' lang='lat' dir='ltr'>retundit.</span> 
     </span>
     <span class='ocr_line' id='line_1_33' title="bbox 74 3063 1142 3145; baseline -0.003 -17"><span class='ocrx_word' id='word_1_284' title='bbox 74 3079 108 3128; x_wconf 84' lang='grc'>39</span> <span class='ocrx_word' id='word_1_285' title='bbox 172 3063 222 3123; x_wconf 85' lang='lat' dir='ltr'>dix</span> <span class='ocrx_word' id='word_1_286' title='bbox 250 3067 363 3126; x_wconf 87' lang='lat' dir='ltr'>urticae</span> <span class='ocrx_word' id='word_1_287' title='bbox 392 3068 482 3145; x_wconf 92' lang='lat' dir='ltr'>capiti</span> <span class='ocrx_word' id='word_1_288' title='bbox 512 3068 652 3144; x_wconf 86' lang='lat' dir='ltr'>inposita,</span> <span class='ocrx_word' id='word_1_289' title='bbox 681 3069 706 3124; x_wconf 89' lang='lat' dir='ltr'>si</span> <span class='ocrx_word' id='word_1_290' title='bbox 731 3064 868 3124; x_wconf 89' lang='lat' dir='ltr'>manibus</span> <span class='ocrx_word' id='word_1_291' title='bbox 892 3066 1027 3143; x_wconf 87' lang='lat' dir='ltr'>utrisque</span> <span class='ocrx_word' id='word_1_292' title='bbox 1051 3083 1142 3143; x_wconf 88' lang='lat' dir='ltr'>supra</span> 
     </span>
     <span class='ocr_line' id='line_1_34' title="bbox 129 3150 1142 3233; baseline -0.001 -19"><span class='ocrx_word' id='word_1_293' title='bbox 129 3150 218 3231; x_wconf 64' lang='lat' dir='ltr'>cabut</span> <span class='ocrx_word' id='word_1_294' title='bbox 241 3155 438 3233; x_wconf 80' lang='lat' dir='ltr'>contineatur,</span> <span class='ocrx_word' id='word_1_295' title='bbox 463 3156 537 3213; x_wconf 89' lang='lat' dir='ltr'>mire</span> <span class='ocrx_word' id='word_1_296' title='bbox 560 3153 684 3231; x_wconf 90' lang='lat' dir='ltr'>prodest</span> <span class='ocrx_word' id='word_1_297' title='bbox 707 3152 864 3213; x_wconf 87' lang='lat' dir='ltr'>adversum</span> <span class='ocrx_word' id='word_1_298' title='bbox 886 3152 1065 3231; x_wconf 78' lang='lat' dir='ltr'>profluvium</span> <span class='ocrx_word' id='word_1_299' title='bbox 1090 3172 1142 3213; x_wconf 93' lang='lat' dir='ltr'>na-</span> 
     </span>
     <span class='ocr_line' id='line_1_35' title="bbox 75 3240 1141 3322; baseline -0.001 -20"><span class='ocrx_word' id='word_1_300' title='bbox 75 3253 109 3302; x_wconf 84' lang='grc'>40</span> <span class='ocrx_word' id='word_1_301' title='bbox 128 3244 215 3302; x_wconf 92' lang='lat' dir='ltr'>rium.</span> <span class='ocrx_word' id='word_1_302' title='bbox 249 3240 364 3300; x_wconf 89' lang='lat' dir='ltr'>Herbae</span> <span class='ocrx_word' id='word_1_303' title='bbox 387 3241 526 3320; x_wconf 82' lang='lat' dir='ltr'>polygoni</span> <span class='ocrx_word' id='word_1_304' title='bbox 548 3259 657 3302; x_wconf 90' lang='lat' dir='ltr'>corona</span> <span class='ocrx_word' id='word_1_305' title='bbox 677 3244 767 3322; x_wconf 89' lang='lat' dir='ltr'>capiti</span> <span class='ocrx_word' id='word_1_306' title='bbox 785 3243 912 3320; x_wconf 92' lang='lat' dir='ltr'>inposita</span> <span class='ocrx_word' id='word_1_307' title='bbox 932 3241 1054 3302; x_wconf 86' lang='lat' dir='ltr'>naribus</span> <span class='ocrx_word' id='word_1_308' title='bbox 1073 3260 1141 3320; x_wconf 89' lang='lat' dir='ltr'>pro·</span> 
     </span>
    </p>
   </div>
   <div class='ocr_carea' id='block_1_3' title="bbox 127 3374 1140 3574">
    <p class='ocr_par' dir='ltr' id='par_1_3' title="bbox 127 3374 1140 3574">
     <span class='ocr_line' id='line_1_36' title="bbox 202 3374 1140 3445; baseline 0.002 -16"><span class='ocrx_word' id='word_1_309' title='bbox 202 3382 233 3429; x_wconf 88' lang='grc'>13</span> <span class='ocrx_word' id='word_1_310' title='bbox 253 3375 383 3444; x_wconf 86' lang='lat' dir='ltr'>pariam.</span> <span class='ocrx_word' id='word_1_311' title='bbox 484 3380 517 3429; x_wconf 86' lang='lat'>14</span> <span class='ocrx_word' id='word_1_312' title='bbox 535 3374 634 3445; x_wconf 79' lang='lat' dir='ltr'>argila.</span> <span class='ocrx_word' id='word_1_313' title='bbox 725 3382 758 3431; x_wconf 79' lang='lat'>17</span> <span class='ocrx_word' id='word_1_314' title='bbox 777 3375 911 3431; x_wconf 86' lang='lat' dir='ltr'>induitur.</span> <span class='ocrx_word' id='word_1_315' title='bbox 988 3381 1023 3431; x_wconf 77' lang='lat' dir='ltr'>ab</span> <span class='ocrx_word' id='word_1_316' title='bbox 1041 3375 1140 3431; x_wconf 88' lang='lat' dir='ltr'>adiuro</span> 
     </span>
     <span class='ocr_line' id='line_1_37' title="bbox 127 3444 1140 3518; baseline 0.001 -18"><span class='ocrx_word' id='word_1_317' title='bbox 127 3447 168 3518; x_wconf 91' lang='lat' dir='ltr'>te]</span> <span class='ocrx_word' id='word_1_318' title='bbox 188 3444 324 3500; x_wconf 82' lang='lat' dir='ltr'>adinrata.</span> <span class='ocrx_word' id='word_1_319' title='bbox 393 3452 427 3502; x_wconf 78' lang='lat'>26</span> <span class='ocrx_word' id='word_1_320' title='bbox 446 3447 548 3500; x_wconf 85' lang='lat' dir='ltr'>matrix</span> <span class='ocrx_word' id='word_1_321' title='bbox 565 3448 679 3516; x_wconf 66' lang='lat' dir='ltr'>acrium:</span> <span class='ocrx_word' id='word_1_322' title='bbox 701 3449 807 3504; x_wconf 85' lang='lat' dir='ltr'>matris.</span> <span class='ocrx_word' id='word_1_323' title='bbox 876 3454 910 3502; x_wconf 78' lang='lat'>29</span> <span class='ocrx_word' id='word_1_324' title='bbox 934 3465 1001 3502; x_wconf 86' lang='lat' dir='ltr'>veru</span> <span class='ocrx_word' id='word_1_325' title='bbox 1019 3447 1140 3502; x_wconf 87' lang='lat' dir='ltr'>ferreum</span> 
     </span>
     <span class='ocr_line' id='line_1_38' title="bbox 128 3516 717 3574; baseline 0.003 -2"><span class='ocrx_word' id='word_1_326' title='bbox 128 3518 250 3572; x_wconf 79' lang='lat' dir='ltr'>candens</span> <span class='ocrx_word' id='word_1_327' title='bbox 271 3516 430 3572; x_wconf 79' lang='lat' dir='ltr'>Goroara&#39;oa.</span> <span class='ocrx_word' id='word_1_328' title='bbox 503 3523 537 3574; x_wconf 88' lang='grc'>30</span> <span class='ocrx_word' id='word_1_329' title='bbox 556 3517 717 3574; x_wconf 75' lang='lat' dir='ltr'>olefactata</span> 
     </span>
    </p>
   </div>
   <div class='ocr_carea' id='block_1_4' title="bbox 0 0 1224 3802">
    <p class='ocr_par' dir='ltr' id='par_1_4' title="bbox 0 0 1224 3802">
     <span class='ocr_line' id='line_1_39' title="bbox 0 0 1224 3802; baseline 0 0"><span class='ocrx_word' id='word_1_330' title='bbox 0 0 1224 3802; x_wconf 95' lang='lat' dir='ltr'> </span> 
     </span>
    </p>
   </div>
  </div>
 </body>
</html>
