2438 3802
510 125 752 190 ..354-

126 309 201 370 pana
224 308 260 350 en
283 308 370 369 passo
390 290 506 350 Cretico
530 288 653 349 decocta
676 305 803 366 cumque
827 289 874 348 ovi
893 288 975 350 duro
997 293 1102 354 vitello
1120 304 1147 356 ct

127 398 194 440 cum
218 397 291 440 uvae
313 397 417 458 passae
440 376 555 438 nucleis
578 379 658 437 tritis
681 377 772 436 mixta
794 375 942 458 medetur,
969 380 1017 440 ita
1037 389 1074 442 ut
1091 400 1144 443 ma·

124 467 260 547 lagmatis
282 467 369 527 modo
392 468 520 544 inposita
542 464 750 543 superligetur.

73 569 107 618 69
215 556 348 635 Acopum
372 553 454 614 valde
482 551 554 613 utile
582 563 613 613 et
638 561 753 613 certum
776 551 917 612 remediis
941 557 1143 618 articulorum

126 652 214 723 atque
236 660 395 703 nervorum
416 642 471 701 sic:
494 640 638 701 Medullae
657 642 802 721 cervinae,
825 641 922 719 adipis
940 647 1073 727 veteris,
1096 645 1160 708 bus

125 734 192 810 tyri,
216 732 278 790 sevi
296 731 415 800 cervini,
434 730 550 788 resinae
569 729 684 809 frictae,
702 730 777 806 picis
796 728 922 810 cedriae,
944 733 1031 808 picis
1045 733 1141 812 lagun-

125 818 247 896 cularis,
280 835 380 897 cerae,
408 815 591 896 singulorum
618 818 722 877 uncias
749 825 849 878 ternas
880 818 913 876 iu
945 836 1044 882 aereo
1078 840 1141 883 vaso

125 907 261 965 remittes
285 904 365 964 lento
388 906 450 983 igni
473 905 583 983 diuque
606 903 740 983 agitabis,
763 913 797 965 ut
820 911 934 966 coeant.
974 906 1060 971 Tum
1080 929 1141 990 per·

125 991 220 1053 colato
242 992 446 1074 medicamine,
470 1001 503 1053 ut
525 1011 574 1053 res
597 995 702 1072 poscit,
725 995 828 1054 uteris.

72 1093 105 1142 ⁷0
215 1080 343 1160 Spumac
366 1084 482 1160 argenti
502 1115 540 1124 —
561 1080 588 1140 ll
611 1081 721 1142 tundes
744 1089 774 1140 et
796 1081 896 1159 butyri
919 1091 950 1142 et
973 1083 1080 1163 adipis
1099 1101 1169 1146 veo

124 1171 197 1230 teris
226 1179 256 1230 ct
283 1187 369 1230 rosae
396 1168 560 1250 Campanae
589 1171 691 1229 uncias
718 1177 818 1231 ternas
846 1170 984 1229 remittes
1017 1181 1050 1233 et
1078 1192 1141 1253 per·

124 1257 265 1318 miscebis
284 1268 314 1319 et
332 1267 435 1338 postea
453 1261 485 1318 in
503 1260 644 1318 mortario
664 1255 752 1317 simul
771 1264 909 1317 conteres
928 1266 958 1318 et
977 1261 1028 1321 sic
1049 1265 1142 1323 uteris

124 1347 160 1407 ad
185 1346 378 1407 articulorum
401 1355 431 1406 ot
453 1363 612 1406 nervorum
636 1345 897 1414 confirmationem.

72 1446 104 1496 71
213 1435 413 1510 Argimoniam
433 1453 468 1495 ex
489 1436 555 1495 vino
575 1441 694 1494 austero
713 1450 824 1511 coques
844 1441 874 1493 ct
893 1442 972 1508 teres
992 1437 1142 1498 adrorans

123 1523 274 1583 interdum
298 1522 402 1582 eodem
425 1524 491 1581 vino
514 1521 645 1602 herbam,
668 1529 733 1582 tum
756 1521 880 1581 lomenti
902 1521 990 1581 modo
1013 1525 1173 1586 calidamu

123 1609 379 1690 condylomatibus
402 1608 595 1670 articulorum
618 1609 664 1668 vel
689 1609 925 1688 quibuscumque
945 1608 1013 1670 aliis
1035 1631 1141 1692 super-

122 1717 216 1778 pones
240 1708 270 1759 et
292 1716 330 1758 nc
353 1698 469 1758 decidat
492 1696 633 1776 alligabis.

70 1798 104 1848 ⁷2
213 1786 382 1864 Serpullum
405 1805 498 1865 acque
522 1804 589 1847 cum
613 1787 681 1845 vino
705 1792 823 1845 austero
847 1793 965 1846 coctum
983 1789 1055 1863 pari
1075 1788 1140 1849 dili-

123 1877 222 1953 gentia
255 1875 388 1935 articulis
419 1877 557 1955 inpones,
589 1875 740 1952 potentius
767 1873 932 1933 remedium
960 1879 1139 1952 experieris.

70 1975 104 2024 'la
124 1962 155 2024 Si
175 1963 347 2042 condyloma
366 1962 581 2024 intolerabilem
600 1962 732 2023 dolorem
751 1961 848 2042 faciet,
870 1961 1030 2022 medullam
1055 1967 1174 2026 cauisse

123 2069 159 2111 ex
181 2054 249 2111 vino
273 2061 392 2112 austero
415 2051 544 2129 subigito
566 2058 596 2111 et
614 2052 757 2130 inponito,
781 2068 849 2110 cum
868 2067 982 2110 summa
1001 2050 1138 2114 efficacia

70 2150 105 2198 74
122 2140 265 2216 proderit.
306 2139 475 2218 drgimonia
507 2141 577 2199 trita
605 2158 672 2199 cum
700 2138 785 2217 adipe
812 2140 957 2216 permixta
985 2156 1137 2200 summam

69 2238 103 2288 ⁷5
121 2227 276 2288 medellam
304 2225 559 2305 condylomatibus
592 2226 712 2286 exhibet
739 2225 941 2287 articulorum.
989 2225 1136 2304 Spumam

121 2317 238 2391 argenti
265 2322 295 2373 et
322 2331 473 2374 cerussam
502 2313 590 2374 simul
617 2333 653 2374 en
681 2317 748 2374 vino
777 2323 913 2375 conteres
936 2317 1040 2392 aequis
1065 2334 1135 2394 por-

121 2400 253 2461 tionibus
279 2407 309 2459 et
331 2401 456 2477 inpones
483 2401 708 2481 condylomatis,
736 2406 763 2461 si
790 2402 897 2463 vulnus
924 2402 1043 2482 fecerit,
1074 2404 1133 2466 sul·
1148 2419 1172 2461 rs

121 2490 205 2564 puris
228 2489 286 2546 vivi
309 2489 427 2546 unciam
450 2487 568 2548 adicies.

68 2588 102 2638 76
210 2573 243 2634 Si
275 2573 391 2652 quando
422 2593 482 2635 non
514 2574 697 2636 exulceratas
730 2579 904 2637 eminentias
933 2576 1036 2638 tollere
1067 2581 1133 2640 siue

120 2661 200 2722 ferro
223 2663 417 2744 voluerimus,
445 2671 479 2724 ut
502 2681 651 2744 verrucas,
674 2682 790 2745 naevos,
814 2665 910 2726 clavos
933 2665 1040 2726 aliasve
1066 2669 1132 2728 eius

119 2753 238 2828 generis
261 2751 424 2832 molestias,
447 2751 503 2813 hoc
526 2752 740 2813 medicamento
764 2760 896 2814 utemur:
928 2751 1025 2814 Calcis
1048 2756 1131 2816 vivae

119 2839 145 2899 ll
169 2838 219 2921 Vl,
247 2839 376 2902 laeculae
399 2849 501 2902 coctae
524 2840 550 2901 ll
572 2841 626 2922 lll,
654 2843 725 2901 nitri
748 2843 809 2902 usti
832 2839 857 2900 ll
878 2839 927 2902 111.
967 2840 1048 2902 llaec
1073 2845 1169 2904 terioo

119 2937 237 3007 oportet
265 2939 295 2990 et
321 2928 410 2989 lixivo
440 2928 540 3007 colligi
567 2930 604 2990 de
632 2931 732 2990 cinere
759 2929 899 3008 caprofici
921 2929 999 2989 lacto
1023 2929 1070 2990 vel
1094 2931 1130 2992 de

118 3021 290 3097 sarmentis,
323 3018 418 3078 donec
445 3017 508 3078 leve
537 3019 576 3078 sit
603 3025 633 3078 ct
659 3019 739 3096 passi
768 3017 818 3076 flat
846 3024 1131 3100 temperamentum

119 3103 226 3164 deinde
258 3106 336 3165 adici
368 3105 457 3166 debet
483 3105 621 3166 rubricae
648 3104 760 3183 aliquid
787 3114 838 3166 aut
865 3108 1036 3187 atramenti,
1070 3127 1129 3187 quo

118 3195 213 3271 possit
240 3191 379 3273 colorari,
409 3211 483 3272 quae
512 3193 600 3253 simul
628 3195 718 3253 mixta
745 3195 776 3252 in
802 3192 907 3271 patella
930 3191 1015 3253 fictili
1039 3197 1130 3274 coqui

208 3332 224 3381 6
244 3324 367 3399 cednico]
387 3342 496 3382 coruos.
552 3332 586 3382 tt
605 3329 655 3382 aut
672 3329 779 3397 posteo.
836 3333 869 3382 16
888 3325 1128 3382 condilimatibus.

104 3401 144 3451 18
160 3398 326 3470 serpullum.
404 3398 661 3473 19'polenbiotem.
730 3403 768 3450 ‘tu
787 3397 955 3450 conductus.
1010 3401 1049 3446 aa
1066 3414 1132 3448 cuu-

89 3466 286 3530 dilimotibua.
366 3479 403 3533 28
420 3491 524 3534 nevos.
601 3477 640 3528 at
659 3467 777 3539 quoqui-
