2438 3802
512 150 752 214 -206-

69 330 103 378 90
212 313 256 373 td
281 313 476 391 digestionem
495 313 668 390 parandam:
692 312 824 390 luniperi
841 312 983 373 bacarum
1002 313 1143 376 enuclea-

122 409 220 462 tarum
239 409 269 462 et
287 402 447 480 zingiberis
466 410 496 461 et
515 401 681 479 petrosilini
699 400 883 461 Macedonici
903 409 933 461 et
951 403 1065 480 piperis
1085 421 1142 464 un·

122 493 183 551 cias
203 491 342 570 singulas,
361 490 456 549 mellis
475 489 582 549 libram
600 507 698 550 unam.
731 488 813 559 Quae
832 497 902 550 sunt
921 492 1009 570 sicca,
1028 491 1142 552 tundes

122 580 167 639 vel
195 587 274 639 13133
303 586 333 638 31
360 578 506 638 cribrabis
533 577 703 658 diligenter3
732 586 835 655 postea
863 578 921 638 mel
945 586 1079 659 coctum,
1110 580 1141 640 id

122 677 168 728 est
180 668 397 746 despumatum,
416 665 595 726 admiscebis
610 673 639 726 et
656 668 750 727 uteris
764 667 959 727 medicamine
973 675 1004 727 et
1017 669 1141 729 ieiunus
1154 685 1170 726 s

123 765 153 815 et
171 765 239 833 post
258 773 361 815 cenam
380 772 435 832 per
454 753 587 815 cocleare
606 763 727 835 accepto
748 763 891 834 quantum
911 757 950 815 sit
963 756 1140 834 magnitudo

122 843 270 904 avellanae
294 845 423 903 maioris.

68 947 101 997 91
210 931 254 990 Ad
279 930 422 991 stomachi
446 930 578 991 dolorem
601 934 640 991 in»
656 934 770 1011 impetu
794 932 1007 992 cohibendum:
1033 930 1141 994 Pomo-

122 1037 190 1079 rum
214 1020 414 1099 cydoneorum
437 1028 536 1081 cutem
560 1020 646 1080 tolles
670 1029 759 1098 atque
782 1021 851 1080 inde
873 1019 984 1081 —llll
1008 1029 1039 1080 31
1057 1021 1141 1100 pulei

126 1141 163 1150 -
185 1109 211 1188 1,
240 1110 353 1187 piperis
378 1109 464 1189 -1‚
493 1108 652 1187 zingiberis
675 1143 719 1150 --
737 1108 790 1189 lll,
820 1109 874 1169 alei
900 1108 1004 1170 Gallici
1030 1142 1067 1150 —
1090 1109 1141 1190 Ill,
1154 1126 1179 1165 13

122 1197 219 1258 mellis
242 1197 395 1277 selibram,
424 1199 501 1258 aceti
528 1197 607 1276 quod
636 1197 764 1256 sufficiat
792 1197 902 1258 adicies
926 1207 956 1258 et
980 1197 1140 1276 diligenter

123 1288 192 1346 trita
216 1289 314 1346 omnia
336 1286 532 1364 permiscebis
555 1293 644 1364 atque
667 1285 736 1345 inde
760 1284 894 1346 cocleare
913 1287 1034 1365 plenum
1055 1285 1140 1346 dabis

123 1377 212 1435 etiam
235 1375 341 1435 cibato.

70 1477 104 1526 92
212 1464 384 1523 Antidotum
408 1463 589 1523 acharistum
611 1461 767 1541 multiplex
791 1463 898 1522 mirum
923 1462 994 1522 iacit
1017 1462 1053 1521 ad
1078 1481 1140 1542 eos,

124 1554 176 1630 qui
203 1570 300 1612 escam
328 1569 389 1610 non
412 1552 551 1628 digerunt
574 1558 604 1610 et
627 1553 679 1629 qui
701 1551 777 1610 male
800 1558 934 1629 ructant,
964 1557 994 1610 et
1017 1551 1054 1610 ad
1078 1559 1178 1611 sto-15

123 1640 221 1700 machi
248 1639 381 1699 dolorem
407 1639 495 1699 etad
519 1636 621 1697 lateris
645 1647 675 1698 et
698 1641 829 1700 vessicae
853 1647 883 1698 et
906 1641 1023 1698 renium
1048 1639 1140 1698 mole·

124 1731 196 1788 31133
220 1736 250 1789 31
273 1728 309 1788 ad
333 1729 439 1807 omnia,
463 1745 538 1805 quae
562 1729 689 1786 interius
716 1745 820 1788 causas
843 1726 935 1787 malae
959 1725 1140 1788 valetudinis

123 1817 246 1896 habent,
273 1817 304 1877 id
332 1824 378 1876 est
406 1816 441 1876 ad
470 1823 599 1895 scotum,
628 1815 664 1874 ad
687 1815 801 1876 febrem
825 1815 1002 1876 cotidianam
1025 1823 1056 1876 et
1079 1824 1140 1876 ter·

123 1908 233 1965 1131311
257 1913 288 1966 31
311 1913 498 1985 quartanam,
521 1904 557 1964 ad
582 1906 756 1982 sanguinem
779 1906 955 1984 tussientes,
979 1904 1016 1963 ad
1040 1907 1138 1983 suspi-

124 1996 234 2073 riosos,
257 1994 293 2053 ad
317 1994 514 2073 dysintericos
538 2000 568 2053 et
591 1993 627 2053 ad
647 1993 755 2054 colicos
779 2002 809 2053 et
832 1993 868 2053 ad
893 1996 1023 2070 epaticos
1048 2001 1078 2053 et
1101 1993 1138 2053 ad
1153 2009 1178 2048 ao

124 2084 245 2143 nimiam
263 2082 392 2160 vigiliam
411 2083 495 2143 etad
515 2083 641 2143 strolum
661 2091 691 2142 et
711 2083 745 2142 ad
761 2083 971 2142 intestinorum
990 2081 1138 2163 dolorem3

124 2190 256 2232 morsum
280 2173 368 2230 etiam
392 2173 540 2250 serpentis
564 2178 649 2231 curat
672 2180 718 2230 ter
737 2171 772 2230 ad
792 2171 871 2230 diem
890 2169 1007 2230 vulneri
1025 2172 1137 2247 inposi-

123 2269 186 2320 tum
206 2259 252 2319 131
269 2261 355 2336 potui
373 2259 488 2338 datum3
512 2260 660 2319 conlectio
678 2258 751 2318 haec
771 2267 829 2320 est:
853 2258 1038 2319 Cinnamomi
1059 2291 1097 2300 -
1117 2258 1138 2340 1,

123 2365 239 2426 myrrae
265 2345 378 2426 -Ill,
401 2349 514 2424 piperis
540 2380 578 2388 —
598 2345 625 2425 I,
649 2349 777 2406 castorei
800 2349 994 2427 semunciam,
1018 2346 1138 2425 galbani

122 2467 166 2477 —
184 2435 210 2514 1,
235 2436 359 2493 31313313
383 2466 424 2476 -
444 2434 470 2513 1,
494 2436 590 2493 333133
613 2434 729 2494 fistulae
753 2435 789 2515 1,
812 2438 924 2515 piperis
947 2435 1027 2513 longi
1053 2435 1178 2516 -1,11

123 2524 199 2582 33311
222 2554 265 2564 -
284 2521 309 2600 1,
333 2523 394 2600 opii
416 2519 453 2601 t,
480 2523 579 2598 spicae
602 2522 688 2582 nardi
711 2522 743 2602 1,
767 2526 848 2583 croci
870 2522 902 2605 t,
925 2523 1021 2597 mellis
1044 2525 1138 2583 Attici

123 2608 153 2670 fr
173 2610 193 2670 1.
236 2609 340 2670 Omnia
363 2611 419 2669 ista
442 2609 551 2670 tundes
575 2610 732 2688 diligenter
761 2619 791 2671 et
819 2630 924 2672 cernes
950 2610 1027 2671 bene
1052 2614 1137 2671 etin

122 2699 274 2777 pulverem
302 2697 509 2758 mollissimum
538 2698 656 2760 redacta
682 2700 869 2760 mensurabis
891 2708 1011 2778 praeter
1034 2702 1136 2778 opium

123 2795 153 2848 et
176 2787 345 2869 galbanum3
369 2787 527 2866 galbanum
550 2790 581 2848 in
605 2787 661 2849 3113
685 2807 760 2848 nova
784 2807 942 2869 excoques,
967 2791 1008 2847 113
1032 2797 1066 2848 ut
1089 2799 1137 2848 ter

122 2876 227 2938 bulliat
249 2895 340 2955 super
362 2895 483 2958 prunas,
507 2879 609 2956 opium
633 2886 732 2938 autem
755 2896 823 2938 cum
846 2879 1177 2937 11131313131313333

122 2974 152 3026 et
175 2966 370 3045 permiscebis
393 2966 551 3045 diligenter
579 2975 609 3028 et
632 2975 696 3028 tum
720 2974 818 3026 cetera
845 2984 912 3026 cum
936 2964 1023 3024 melle
1047 2965 1137 3026 simul

122 3058 221 3115 omnia
248 3054 443 3134 permiscebis
472 3056 523 3115 diu
552 3064 582 3115 et
609 3055 766 3133 diligenter
794 3055 901 3131 agitata
932 3062 962 3113 et
990 3053 1136 3114 recondes

123 3143 177 3203 sub
198 3143 349 3222 signaculo
368 3145 399 3202 in
418 3144 525 3222 pyxide
542 3143 638 3203 1111133
657 3150 708 3203 aut
722 3145 752 3201 in
767 3141 882 3202 doleolo
897 3143 991 3202 vitreo
1007 3149 1037 3201 et
1051 3141 1136 3202 dabis

123 3234 172 3292 cui
200 3233 329 3292 volueris
358 3231 394 3290 ad
422 3232 541 3290 modum
570 3230 716 3291 avellanae
745 3249 813 3290 cum
839 3229 934 3290 mellis
957 3230 1136 3291 cocliaribus

212 3442 228 3489 6
247 3435 396 3506 quantum]
420 3437 526 3504 quanta
550 3435 709 3492 0311131113.
820 3440 852 3489 11
874 3435 1045 3492 validudinis
1064 3437 1135 3507 (sic).

121 3511 157 3558 20
176 3504 374 3562 dissintericos.
447 3509 481 3558 25
501 3507 645 3581 otorachis.
718 3512 752 3561 33
771 3505 875 3576 pixide.
