2438 3802
537 157 778 221 -338—

150 322 176 381 si
203 321 287 398 prius
315 320 418 400 facias,
449 326 606 397 antequam
630 326 790 378 nascantur
813 319 947 398 inguina,
976 335 1096 377 omnem
1124 320 1173 379 in-

150 410 273 487 guinum
301 408 348 469 vel
375 407 580 486 glandularum
604 405 768 466 molestiam
792 405 977 486 prohibebis,
1001 407 1027 465 si
1051 415 1172 488 postea,

95 510 130 559 20
151 497 282 557 dolorem
304 505 509 574 tumoremque
527 493 655 554 sedabis.
693 493 853 555 Surculum
872 512 990 573 quoque
1010 512 1046 553 ex
1066 503 1171 574 myrto

98 598 132 647 21
152 594 233 646 terra
255 592 368 645 tactum
392 586 416 644 si
441 584 508 661 quis
532 589 623 663 gerat,
647 581 683 642 ab
706 582 878 662 inguinibus
902 590 984 643 tutus
1008 584 1075 643 erit.
1121 583 1170 644 ln-

151 673 291 753 guinibus
311 679 448 751 potenter
467 670 633 750 medebere,
656 673 682 730 si
700 669 736 731 de
751 671 819 731 licio
835 676 947 749 septem
962 669 1057 730 nodos
1072 671 1196 732 faciass

153 761 242 822 etad
267 759 400 838 singulus
424 759 527 820 viduas
550 760 684 819 nomines
709 767 739 818 et
762 777 852 838 supra
875 757 966 819 talum
990 760 1056 818 eius
1080 761 1172 837 pedis

154 848 264 926 alliges,
287 850 318 907 iu
343 849 428 907 cuius
451 856 534 926 parte
559 854 648 907 eruut
669 849 799 926 inguina.

101 949 135 998 22
245 934 277 995 Si
305 935 340 995 ab
369 935 527 1014 equitando
554 942 656 995 vexata
680 936 792 996 suerint
814 937 935 1013 inguina
958 941 1009 994 aut
1031 936 1172 996 intertri-

154 1026 238 1101 gines
262 1022 416 1104 dolebunt,
440 1041 544 1102 spuma
567 1025 637 1102 equi
659 1023 813 1103 fricentur,
836 1025 935 1083 statim
958 1023 1172 1085 remediabun-

101 1124 136 1174 23
156 1119 214 1172 tur.
250 1112 373 1174 Stercus
392 1111 512 1172 suillum
531 1130 598 1173 cum
618 1111 682 1171 uleo
701 1111 876 1190 peririctum
896 1119 927 1171 et
944 1114 974 1171 in
993 1119 1071 1171 testa
1091 1113 1171 1173 cale·
1185 1130 1209 1171 ro

103 1213 135 1262 24
157 1201 267 1262 iactum
291 1208 321 1261 et
343 1200 515 1279 inguinibus
538 1201 700 1278 inpositum
718 1199 880 1278 plurimum
898 1200 1028 1278 prodest.
1064 1199 1171 1262 Pollex

157 1291 220 1350 eius
254 1289 350 1370 pedis,
383 1291 414 1349 iu
444 1306 502 1368 quo
530 1290 652 1366 inguina
679 1295 780 1368 erunt,
813 1306 881 1348 cum
908 1289 1042 1366 proximo
1073 1289 1171 1367 digito

100 1389 135 1438 25
154 1378 262 1456 ligatus
292 1379 366 1437 mire
395 1376 539 1437 medetur.
582 1376 614 1436 Si
642 1378 708 1454 quis
737 1375 773 1436 ab
801 1376 960 1455 equitando
989 1383 1039 1436 aut
1064 1377 1171 1439 ambu-

152 1466 238 1526 lando
257 1468 368 1544 inguen
387 1464 533 1543 habuerit,
552 1464 664 1525 scribat
681 1467 713 1524 iu
732 1464 834 1525 charta
849 1482 955 1537 κυστος
971 1464 1050 1524 etad
1068 1465 1172 1528 femur

151 1553 208 1614 sibi
232 1553 339 1631 alliget,
364 1555 422 1613 cito
447 1551 608 1614 sanabitur.
1186 1573 1210 1615 rs

98 1653 132 1701 26
240 1642 284 1701 Ad
316 1639 518 1720 condylomata
548 1642 703 1718 inguinum
731 1641 778 1701 vel
806 1640 1005 1720 quarumlibet
1033 1644 1171 1718 partium

151 1729 338 1790 malicorium
362 1747 431 1790 cum
453 1729 515 1788 vini
538 1730 641 1807 optimi
665 1731 792 1789 sextario
817 1729 852 1789 ad
877 1729 997 1808 cyathos
1020 1729 1097 1790 duos
1116 1731 1170 1791 de-

152 1825 269 1879 coctum
293 1826 414 1878 etcum
438 1816 541 1877 eodem
565 1819 633 1877 uiuo
657 1819 761 1900 tritum
785 1824 873 1896 atque
897 1826 931 1877 ut
948 1817 1093 1895 malagma
1112 1821 1170 1880 im·

98 1917 132 1966 27
152 1909 283 1986 positum
311 1905 512 1985 condylomata
541 1905 616 1966 facta
644 1914 790 1985 persanat.
832 1904 989 1965 Medullam
1017 1908 1100 1966 canis
1130 1926 1169 1968 ex

153 1997 220 2055 vino
248 2002 348 2054 vetere
381 1993 486 2072 subige
519 2002 549 2054 et
581 1993 733 2073 emplastri
763 1993 851 2053 modo
879 1996 997 2072 impone
1026 1995 1169 2074 condylo-
1184 2013 1210 2053 so

99 2095 133 2144 28
152 2085 253 2162 matiS,
281 2092 419 2161 potenter
447 2100 481 2142 ea
506 2082 632 2142 sanabis.
673 2083 843 2160 Argimonia
866 2084 935 2142 trita
959 2089 989 2141 et
1012 2081 1090 2159 adipi
1116 2100 1169 2143 an·

98 2183 133 2232 29
154 2174 268 2232 serinac
288 2171 417 2230 admixta
435 2172 632 2249 impositaque
652 2170 864 2249 condylomatis
882 2169 1027 2230 medetur.
1058 2168 1168 2232 Oleum

152 2267 238 2320 vetus
262 2277 330 2319 cum
353 2258 472 2336 polenta
495 2259 643 2337 decoques
667 2266 697 2318 et
720 2258 930 2319 calidissimum
951 2257 1169 2337 condylomatis

98 2359 132 2406 30
152 2349 295 2424 impones.
337 2345 419 2405 Folia
446 2345 515 2405 rubi
544 2349 671 2406 coutrita
697 2354 818 2406 etcum
842 2353 942 2406 ceroto
966 2364 1088 2406 rosaceo
1112 2349 1169 2407 im-

29 2432 31 2436 ’
97 2445 130 2493 31
151 2435 250 2512 posita
273 2440 378 2493 sanant
401 2434 499 2492 omnia
522 2432 733 2512 condylomata.
769 2434 867 2512 Adeps
891 2437 1005 2494 anseris
1029 2452 1098 2494 cum
1117 2453 1167 2495 ce·
1183 2453 1210 2495 so

152 2538 238 2581 russa
270 2527 300 2579 et
333 2519 397 2579 oleo
426 2537 547 2580 rosaceo
576 2530 606 2581 et
638 2539 706 2581 cera
738 2520 861 2583 Pontica
888 2524 919 2582 in
947 2540 1039 2582 unum
1069 2527 1168 2583 ceroti

153 2607 240 2668 modo
264 2609 426 2685 composita
450 2616 480 2667 et
498 2611 636 2687 imposita
654 2609 767 2670 utiliter
787 2609 999 2689 condylomatis
1017 2610 1166 2671 medetur.

97 2707 132 2757 32
153 2695 219 2757 Mus
243 2713 377 2776 araneus,
402 2697 453 2775 qui
477 2715 545 2757 cum
565 2699 597 2756 in
616 2697 742 2758 orbitam
761 2699 900 2759 inciderit
919 2699 1052 2778 moritur,
1074 2704 1166 2758 ustus

151 2787 182 2846 iu
203 2786 334 2845 cinerem
352 2783 491 2845 redactus
513 2794 629 2846 etcum
649 2786 733 2866 adipe
753 2789 888 2846 anserina
908 2788 1074 2865 permixtus
1094 2804 1165 2846 con-

152 2874 306 2954 dylomatis
330 2873 468 2934 infrictus
492 2877 601 2935 mirum
624 2875 787 2935 remedium
811 2875 916 2935 adfert.
1181 2893 1207 2933 eo

98 2974 133 3023 33
241 2962 285 3023 Ad
313 2965 518 3040 intertrigines
545 2963 689 3024 sanandas
717 2962 846 3042 libystici
873 2963 950 3023 foliis
973 2965 1166 3024 commandu-

152 3053 226 3112 catis
256 3069 360 3112 sucum
385 3060 541 3129 exceptum
566 3054 592 3111 si
615 3054 642 3111 ei
665 3052 730 3111 luco
754 3051 940 3131 adposueris‚
969 3070 1037 3112 cum
1061 3070 1167 3113 morsu

99 3150 134 3200 ³4
153 3139 286 3220 quidem,
320 3139 371 3199 sed
400 3141 541 3200 continuo
570 3138 695 3200 sanabis.
741 3139 838 3199 Gallae
867 3148 1014 3200 contusae·
1036 3142 1067 3198 in
1097 3144 1166 3201 vino

97 3239 134 3288 35
154 3235 255 3287 coctae
275 3234 362 3305 atque
381 3228 536 3304 impositae
556 3229 738 3305 intertrigiui
756 3227 916 3305 plurimum
936 3236 1070 3306 prosunt,
1103 3228 1167 3288 Cal·

238 3364 255 3412 4
273 3361 487 3432 terrulentum]
512 3361 652 3432 legendum
670 3362 777 3417 uidetur
795 3364 871 3417 terra
889 3379 944 3418 non
965 3363 1082 3429 tactum,
1103 3379 1167 3417 cum

148 3431 185 3483 eit
207 3431 284 3498 apud
302 3430 377 3484 Ptin.
394 3430 432 3498 Π,
453 3437 484 3484 21
512 3433 563 3500 (ed.
581 3431 672 3500 Rue.):
702 3432 750 3499 qui
772 3432 878 3488 habeat
900 3449 995 3488 seeum
1020 3433 1166 3487 surculum

143 3513 181 3552 ex
195 3501 294 3570 myrto
312 3516 364 3555 uec
382 3498 456 3556 ferro
475 3516 528 3556 nee
546 3504 622 3557 teme
638 3503 759 3570 luctum
778 3504 813 3570 cf.
832 3504 908 3560 Pleu.
924 3521 952 3560 u.
966 3505 991 3558 b.
1007 3508 1050 3572 28,
1066 3508 1128 3557 163.
