2438 3802
452 155 691 220 -251-

153 321 244 380 Radix
271 320 404 397 asparagi
427 320 498 378 trita
522 327 551 378 et
575 337 611 378 ex
632 322 697 379 vino
717 323 801 398 potui
821 316 888 381 data
906 321 1074 385 lumborum
1095 337 1130 386 26

64 419 94 471 et
113 427 254 470 coxarum
273 406 368 466 dolori
388 408 461 467 mire
481 407 625 468 medetur.
657 407 761 469 Nuclei
780 410 998 489 amygdalarum
1013 415 1077 473 triti
1096 425 1130 475 2⁵1

64 519 100 560 ex
129 507 212 559 aceto
240 498 303 575 poti
330 495 439 555 lumbis
467 496 633 556 medentur.
676 497 866 558 Nasturcium
890 517 958 559 cum
982 500 1076 561 farina
1096 513 1129 563 28

14 595 15 598 ’
63 589 243 668 permixtum
267 593 296 644 et
321 602 355 644 ex
379 593 462 644 aceto
487 584 581 644 calido
605 584 714 646 lumbis
737 587 887 668 medetur,
915 589 941 647 si
964 590 1076 667 inposi-

35 685 128 737 otum
157 676 256 735 luerit.
299 671 424 732 Gladioli
451 673 535 733 radix
564 683 687 734 contusa
717 693 784 735 cum
810 675 933 754 sulpure
957 678 1021 736 vivo
1046 685 1076 738 et
1095 690 1128 740 29

63 765 149 843 adipe
173 764 275 823 ursina
298 761 407 822 lumbis
430 764 558 841 inposita
581 761 742 840 plurimum
766 764 896 842 prodest.
951 763 955 771 ’

152 851 327 911 Remedium
346 850 516 911 coxendicis
535 852 644 910 mirum
659 851 695 911 de
711 853 914 930 experimento
935 855 991 914 sic:
1012 853 1075 914 Mu·
1095 867 1129 915 30

63 941 186 1001 scerdae
205 957 309 999 novem
329 941 416 998 tritae
436 956 471 998 ex
491 941 551 998 vini
571 941 723 1017 quartario
745 959 836 1019 super
857 942 1010 1003 scabillum
1030 942 1076 1003 vel

63 1029 164 1090 sellam
188 1028 333 1088 laboranti
356 1029 439 1105 potui
464 1027 580 1107 dantur,
604 1030 645 1088 ita
664 1039 697 1089 ut
715 1029 790 1107 pede
809 1048 869 1090 uno
889 1049 977 1109 quem
996 1031 1076 1091 dolet

21 1136 48 1177 1o
63 1127 144 1179 stans
172 1117 208 1178 ad
237 1119 381 1176 orientem
406 1133 509 1176 versus
533 1119 684 1194 potionem
706 1117 788 1177 bibat
812 1127 932 1179 etcum
957 1119 1075 1192 biberit,

64 1207 139 1268 saltu
170 1205 287 1266 desiliat
315 1213 345 1264 et
372 1212 419 1264 ter
447 1223 507 1264 uno
536 1205 611 1283 pede
640 1205 724 1265 saliat
752 1216 840 1284 atque
865 1207 922 1267 hoc
945 1225 999 1286 per
1024 1210 1075 1268 tri-

63 1296 155 1356 duum
178 1295 274 1374 iaciat,
297 1293 453 1354 conlestim
477 1293 609 1352 remedio
632 1293 837 1372 gratulabitur.

152 1383 292 1461 blalagma
320 1383 449 1442 sciaticis
477 1383 586 1442 mirum
616 1383 673 1442 sic:
711 1381 841 1442 Storacis
867 1417 904 1425 -
931 1383 971 1462 Il,
999 1385 1074 1462 picis
1094 1395 1126 1445 31

62 1472 92 1532 P.
112 1471 147 1551 ll,
170 1489 256 1532 cerae
281 1471 312 1531 P.
331 1471 352 1549 1,
376 1477 477 1548 guttae
500 1473 700 1531 ammoniacae
727 1504 763 1514 —
786 1471 832 1551 Vl,
858 1474 975 1533 resinae
998 1480 1074 1533 terc-

22 1579 48 1621 15
63 1561 216 1623 binthinae
238 1593 275 1603 —
293 1558 338 1635 Vl,
358 1558 475 1637 galbani
496 1591 535 1601 -
551 1558 587 1638 11,
605 1578 729 1620 mannae
749 1563 825 1620 turis
841 1595 882 1602 -
898 1560 932 1621 11.
969 1560 1074 1622 Omnia

63 1669 138 1730 quae
157 1647 309 1710 tundenda
328 1655 397 1708 sunt
416 1649 447 1707 in
466 1647 619 1726 pulverem
638 1648 755 1726 rediges
774 1659 803 1709 et
823 1648 1000 1710 admiscebis
1019 1650 1074 1730 his,

63 1739 224 1818 ‹praeyigni
246 1736 423 1797 remittenda
448 1746 526 1816 sunt,
550 1745 580 1797 et
604 1737 733 1815 desuper
752 1740 828 1798 aceti
848 1749 992 1816 quantum
1015 1739 1074 1799 sul·

62 1827 143 1886 ficiat
165 1825 393 1904 medicamento,
417 1824 486 1884 dum
511 1828 696 1906 excoquitur,
721 1827 829 1906 mittes,
854 1835 883 1887 et
907 1845 975 1887 cum
999 1845 1073 1907 opus

63 1915 162 1994 fuerit,
184 1913 276 1974 calido
302 1915 404 1974 uteris.

21 2023 48 2062 ao
150 2002 193 2063 td
220 2005 350 2063 nesciam
375 2001 540 2062 remedium
565 2002 707 2062 dictatum
731 2020 746 2060 a
771 2002 852 2062 lusto
877 2003 991 2063 medico
1016 2006 1072 2064 sie:
1092 2014 1126 2064 32

61 2090 189 2152 Herbam
212 2093 405 2170 argimoniam
430 2101 459 2150 et
482 2090 605 2150 herbam
627 2090 784 2150 verbenam
812 2091 1021 2169 eriapathiun
1043 2101 1073 2152 et

60 2180 220 2260 bugillonis
238 2181 369 2241 radicem
388 2181 491 2258 aequis
510 2179 698 2257 portionibus
714 2178 760 2238 vel
775 2179 958 2258 ponderibus
974 2182 1072 2240 mittes

60 2272 91 2330 in
114 2270 203 2348 pilam
226 2277 257 2330 et
275 2268 383 2330 tundes
403 2275 519 2328 etcum
539 2276 644 2328 tunsae
664 2267 739 2328 bene
761 2267 880 2348 luerint,
904 2268 994 2329 addes
1014 2270 1074 2328 vini

60 2358 178 2418 candidi
205 2356 295 2419 sill
324 2364 354 2417 et
382 2355 519 2417 manibus
547 2356 672 2434 agitabis
698 2375 765 2417 cum
790 2358 853 2436 ipso
878 2358 945 2416 vino
969 2357 1072 2417 diutis-

20 2464 46 2506 es
61 2449 143 2527 sime,
167 2455 268 2527 postea
294 2447 392 2506 omnia
416 2447 516 2505 mittes
539 2447 570 2504 in
592 2444 716 2506 linteum
736 2448 864 2525 spissum
884 2456 913 2505 et
933 2464 1072 2524 expressa

61 2535 171 2597 colabis
194 2544 283 2615 atque
307 2535 363 2615 his,
387 2551 461 2612 quae
485 2533 579 2594 colata
603 2535 723 2615 luerint,
747 2534 876 2612 desuper
900 2534 990 2594 addes
1014 2536 1073 2594 vini

61 2624 276 2704 aliquantulum
299 2632 330 2684 et
348 2624 460 2702 piperis
479 2641 570 2700 grana
588 2625 709 2701 triginta
729 2626 811 2703 trita3
830 2623 1019 2700 postmodum
1038 2641 1073 2682 ex

62 2713 117 2772 boc
141 2714 335 2774 medicamine
359 2713 544 2790 quartarium
565 2711 740 2771 calefactum
759 2713 858 2772 ieiuno
878 2710 1024 2771 laboranti
1042 2713 1073 2771 in

63 2799 175 2881 balneo,
198 2802 269 2862 dum
292 2803 323 2860 in
347 2799 420 2861 solio
444 2806 498 2880 est,
522 2817 576 2878 per
599 2799 733 2860 triduum
756 2799 840 2859 dabis
863 2798 1033 2859 bibendum.

20 2907 48 2947 eo
151 2889 193 2949 td
213 2890 344 2949 nesciam
362 2889 518 2969 physicum
538 2887 715 2948 remedium:
735 2887 906 2948 Testudinis
921 2889 1072 2966 aquaticae
1092 2898 1127 2946 33

62 2995 132 3037 crus
160 2978 298 3056 praecide
326 2983 356 3037 et
383 2977 540 3056 phoenicio
569 2975 733 3036 involutum
762 2994 798 3035 ex
827 2994 860 3036 ea
889 2984 986 3054 parte,
1016 2994 1072 3054 qua

61 3068 129 3144 quis
153 3069 283 3127 nesciam
306 3067 427 3145 patitur,
450 3064 574 3143 adpone,
597 3072 735 3142 potenter
758 3063 977 3125 remediabitur.

151 3155 200 3215 Git
223 3162 366 3233 quantum
390 3154 487 3214 tribus
512 3152 612 3231 digitis
636 3151 699 3213 tolli
722 3161 820 3230 potest
844 3161 995 3231 sumptum
1022 3157 1073 3214 tri·
1093 3165 1128 3214 34

61 3253 184 3323 tumque
213 3255 243 3304 et
270 3245 350 3323 passi
377 3242 491 3322 cyathis
514 3241 631 3302 duobus
655 3259 809 3319 aspersum
833 3241 956 3302 adiectis
980 3261 1073 3322 aquae

150 3379 398 3449 2omigdclarum.
449 3376 566 3431 daceti.
621 3376 811 3431 tmedentur.
866 3378 1074 3432 lmusoardae.

63 3456 94 3504 12
114 3451 278 3505 remedium.
366 3455 398 3504 13
418 3445 556 3504 sceaticis.
644 3445 789 3502 storaohia.
872 3452 905 3501 21
924 3447 1074 3518 lapaoium.

61 3527 95 3576 30
113 3521 255 3592 phynicia.
329 3525 363 3575 34
382 3518 518 3576 adiectae.
