2438 3802
536 164 752 228 ...66-

85 339 119 390 25
138 327 359 388 incumbentem
388 326 559 406 epiphoram
588 327 740 387 discuties,
787 325 817 385 Si
844 327 973 404 impetus
997 326 1152 388 oculorum

139 419 285 497 eruperit,
308 415 479 476 huiusmodi
503 416 667 476 remedium
691 415 846 475 confestim
871 413 1038 474 adhibebis:
1069 416 1153 476 Atra-

138 507 232 566 menti
263 506 395 565 sutoricii
427 535 465 547 -
491 503 504 563 l
532 506 562 563 iu
591 522 696 583 aquam
727 503 866 564 mundam
891 503 1045 564 defundes¹
1062 504 1153 583 idque

139 595 248 654 acriter
276 594 391 653 fervere
423 593 527 672 lacieS,
560 600 622 653 tum
651 594 781 673 operies,
814 602 847 652 ut
876 593 974 651 fervor
1001 591 1155 670 paululum

140 685 347 763 conquiescat,
375 691 463 759 atque
491 681 543 741 ubi
570 681 720 741 modicum
748 682 923 760 intepuerit‚
951 683 981 740 in
1011 682 1154 742 concham
1182 694 1195 735 s

139 771 329 832 transfundes
357 769 457 848 ibique
487 769 591 830 faciem
619 770 774 846 demerges
803 776 832 828 et
861 768 963 828 oculos
995 770 1156 848 patefacies

138 862 216 920 intra
235 861 329 938 ipsam
349 877 468 940 aquam5
490 858 643 937 paululum
662 858 781 936 quidem
801 857 994 937 admordebit,
1019 858 1070 917 sed
1090 878 1155 919 cer·

87 949 255 1010 tutissimo
280 949 482 1027 experimento
506 947 639 1007 dolorem
663 945 884 1006 incumbentem
908 954 1028 1006 avertet.
1071 947 1154 1008 Colo·

140 1037 212 1097 ionii
232 1035 380 1096 modicum
398 1036 555 1115 phoenicio
574 1035 662 1114 inliga
682 1042 712 1095 et
731 1034 805 1095 collo
825 1035 975 1113 lippientis
996 1036 1155 1118 suspende,

86 1126 238 1187 utstatim
268 1126 409 1205 proderit.
455 1124 593 1184 Dolorem
621 1123 775 1184 oculorum
798 1131 832 1184 ut
855 1142 931 1183 anno
955 1125 1071 1202 integro
1094 1137 1196 1186 uon10

131 1216 273 1294 patiaris,
302 1232 369 1274 cum
398 1215 528 1292 primum
557 1214 668 1273 cerasia
698 1219 786 1272 erunt
809 1211 913 1272 idonea
938 1214 1016 1292 esui,
1050 1213 1079 1272 id
1109 1223 1155 1274 est

139 1305 224 1383 quasi
248 1311 371 1382 matura,
396 1302 431 1361 de
455 1300 553 1362 tribus
576 1303 698 1362 cerasiis
721 1299 834 1380 lapillos
858 1301 1021 1379 pertundes
1045 1309 1075 1362 et
1099 1301 1153 1362 Ga·

139 1391 239 1452 ditano
263 1391 322 1451 lino
346 1393 460 1451 inserto
479 1408 533 1469 pro
557 1389 739 1470 phylacterio
759 1391 862 1470 uteris
886 1397 952 1449 voto
971 1391 1055 1468 prius
1075 1390 1153 1451 lacto

139 1489 242 1541 contra
264 1479 355 1539 solem
375 1481 529 1559 orientem,
553 1478 631 1558 quod
652 1496 687 1538 eo
707 1496 782 1538 anno
802 1479 914 1538 cerasia
933 1495 993 1537 non
1012 1480 1053 1538 sis
1073 1498 1152 1540 man·

86 1578 120 1626 28
140 1568 311 1630 ducaturus
344 1566 482 1647 Herbam,
502 1585 576 1644 quac
591 1567 755 1646 appellatur
769 1569 965 1646 peristereon,
985 1567 1152 1648 discoques,
1168 1579 1194 1619 1⁶

140 1665 173 1717 ut
202 1656 363 1735 madescat,
392 1673 427 1715 ex
456 1672 531 1733 aqua
560 1654 677 1714 fontana
706 1655 740 1714 ad
770 1657 872 1715 tertias
901 1664 931 1714 et
959 1655 1027 1714 inde
1051 1656 1154 1717 oculos

87 1755 120 1804 29
141 1743 253 1804 fovebis
276 1745 389 1822 impetu
414 1742 593 1803 laborantes:
622 1745 699 1803 intra
726 1743 858 1803 triduum
887 1743 1068 1822 persanabis
1106 1743 1153 1805 Vi-

139 1832 245 1892 tandae
268 1839 413 1911 perpetuo
437 1831 622 1910 lippitudinis
646 1833 739 1910 gratia
764 1831 896 1912 observa,
920 1841 954 1892 ut
977 1851 992 1892 a
1013 1831 1073 1892 Kal.
1093 1833 1153 1895 lan.

140 1939 174 1981 eo
199 1929 345 2002 tempore,
370 1939 428 2000 quo
452 1919 513 1981 Kal.
538 1920 608 1980 solis
631 1920 678 1980 die
703 1920 826 2000 luerint,
851 1923 938 1980 etiam
962 1921 1034 1982 hora
1059 1924 1153 2000 prima

139 2008 184 2070 vel
213 2018 314 2070 octava
344 2018 373 2070 et
401 2011 541 2088 deinceps
570 2009 626 2070 alio
655 2009 702 2069 die
731 2007 801 2068 solis
830 2021 859 2069 et
888 2011 975 2069 tertio
1005 2009 1075 2070 solis
1105 2011 1195 2072 die2⁰

141 2099 277 2160 similiter
302 2098 422 2179 collyrio
447 2101 530 2160 tenui
551 2099 713 2177 inungeris,
737 2105 802 2158 tum
821 2116 982 2158 conversus
1002 2099 1037 2158 ad
1057 2102 1154 2160 orien-

139 2195 200 2248 tem
228 2187 346 2265 rogabis
374 2188 475 2267 deum,
503 2197 537 2248 ut
565 2205 599 2246 eo
628 2205 704 2246 anno
734 2185 833 2246 dolere
862 2186 964 2246 oculos
995 2197 1062 2247 tuos
1094 2207 1154 2248 non

86 2286 121 2334 30
140 2277 225 2336 sinat.
259 2275 332 2336 Cum
347 2277 475 2353 prImum
494 2275 685 2335 hirundinem
700 2274 830 2335 audieris
845 2283 895 2334 aut
909 2275 1028 2357 videris,
1046 2279 1154 2338 tacitus

140 2363 208 2423 ilico
228 2362 263 2422 ad
284 2363 395 2422 iontem
415 2363 558 2422 decurres
577 2363 622 2422 vel
642 2362 678 2422 ad
694 2371 816 2440 puteum
832 2374 861 2423 et
878 2364 946 2423 inde
961 2383 1036 2443 aqua
1052 2366 1181 2426 oculos·

140 2448 253 2510 fovebis
277 2458 306 2509 et
330 2450 448 2528 rogabis
468 2450 565 2530 deum,
588 2459 621 2510 ut
641 2469 675 2510 eo
695 2469 771 2511 anno
790 2470 848 2511 non
869 2450 982 2533 lippias,
1007 2453 1152 2514 dolorem·
1168 2464 1194 2505 2⁵

86 2550 120 2599 al
141 2557 198 2618 que
223 2556 340 2598 omnem
369 2537 523 2598 oculorum
551 2547 671 2598 tuorum
700 2539 874 2600 hirundines
902 2541 1045 2602 aulerant.
1097 2541 1154 2602 Ex·

139 2634 258 2707 pertum
282 2626 446 2687 remedium
470 2626 505 2686 ad
527 2626 743 2708 lippitudinem,
767 2646 804 2688 ne
824 2646 963 2707 umquam
983 2637 1154 2710 temptetur,

122 2717 164 2777 ,si
189 2716 256 2794 quis
280 2714 418 2775 observet
441 2717 505 2776 sine
528 2717 747 2776 intermissione
772 2725 821 2776 aut
846 2716 1001 2799 oblivione,
1026 2728 1058 2779 ut
1081 2736 1152 2796 quo-

139 2805 217 2864 tiens
245 2802 362 2886 laverit,
391 2804 517 2865 deducta
540 2806 676 2884 utrisque
701 2805 837 2866 manibus
861 2805 896 2865 ad
920 2807 1011 2884 pedes
1035 2806 1153 2867 intimos

139 2909 214 2973 aqua
248 2895 347 2954 statim
379 2912 484 2954 manus
516 2893 616 2955 ambas
651 2894 686 2954 ad
720 2894 821 2955 oculos
854 2894 963 2955 referat
996 2903 1084 2975 atque
1117 2895 1194 2957 ado

140 2981 262 3061 angulos
286 3001 389 3043 eorum
414 2990 539 3063 utraque
563 3001 652 3043 manu
676 2984 830 3064 periricet,
857 2992 886 3043 et
910 2983 965 3044 hoc
990 2992 1036 3044 ter
1056 2986 1153 3045 lacere

85 3083 120 3130 32
140 3069 271 3133 debebis.
325 3072 474 3133 Adversus
503 3091 622 3133 umores
650 3080 679 3132 et
707 3070 822 3132 subitos
850 3074 968 3150 inpetus
998 3073 1153 3134 oculorum

140 3169 169 3220 et
193 3161 350 3240 epiphoras
373 3162 488 3221 radices
512 3160 597 3220 betae
621 3161 745 3220 maximo
769 3161 870 3238 nigrae
894 3178 929 3219 ex
956 3179 1030 3240 aqua
1055 3163 1154 3242 tepida

212 3313 397 3380 tpaulolum.
488 3309 689 3367 8coloihonii.
776 3311 920 3366 9fenicio.
1016 3321 1046 3367 11
1068 3316 1152 3370 assui.

141 3387 173 3435 12
193 3379 333 3436 Gaditano
351 3383 463 3449 scripsi:
481 3381 606 3449 gaitano.
690 3389 721 3436 la
741 3381 916 3452 philacterio.
993 3389 1027 3438 22
1048 3385 1152 3440 dolore.

139 3458 173 3505 28
192 3451 364 3506 erundinem.
468 3457 502 3505 24
521 3449 605 3506 illico.
711 3458 745 3508 26
764 3454 931 3508 herundines
1034 3456 1152 3512 atriensi.

138 3523 173 3574 hl
192 3522 334 3575 temtetur.
