2438 3802
492 203 531 214 -
579 167 732 233 284-

51 345 86 393 64
194 329 311 391 llerbac
344 330 563 411 quinquelohae
593 330 679 390 radix
705 331 737 389 in
764 327 870 390 umbra
898 329 1032 392 arelacta
1056 346 1124 390 con·

104 429 231 500 tusaque
259 429 290 481 et
316 439 353 481 ex
380 422 448 480 vino
476 419 612 499 polentae
641 420 705 478 vice
727 426 797 498 pota
819 419 896 478 mire
919 417 1035 496 cyliaco
1059 436 1125 479 suc·

51 521 86 571 66
105 512 209 589 currit,
228 508 280 570 sed
299 508 480 569 febricitanti
498 526 534 568 ex
554 525 628 587 aqua
645 506 739 567 calida
753 507 790 567 da
804 505 976 566 hibendum.
1010 505 1125 586 Caprae
1207 454 1211 599 1

105 598 254 659 silvaticae
282 600 366 657 iecur
392 595 572 656 carbonibus
594 598 758 656 inassatum
781 603 812 655 et
834 613 889 674 per
911 613 944 655 se
968 602 1126 674 sumptum

105 686 233 766 cyliacos
252 684 397 745 remediat
414 684 553 764 idemque
572 685 735 745 arefactum
753 692 784 744 et
801 685 907 745 tritum
925 690 1043 744 etcum
1057 685 1150 744 61666

53 789 87 837 66
106 777 191 852 potui
214 773 315 833 datum
339 775 504 833 certissime
528 772 726 834 auxiliabitur.
768 772 879 833 Caseus
902 773 1004 832 siccus
1028 780 1127 832 trans·

106 864 240 921 marinus
264 869 400 921 vetustus
423 862 538 922 adiecto
562 861 610 921 sili
628 861 740 922 Gallico
764 869 795 922 et
818 860 916 921 sorbis
939 859 1036 921 aridis
1061 860 1126 920 dili·

107 958 212 1028 genter
235 949 374 1010 omnihus
396 952 476 1011 tritis
499 958 530 1010 et
553 968 622 1010 cum
645 951 706 1009 6161
728 952 839 1010 6616616
858 950 988 1010 66616616
1008 949 1127 1028 cyathis

53 1037 223 1101 6761661666
250 1040 336 1116 potui
363 1038 450 1099 datus
473 1039 600 1119 cyhacos
623 1040 698 1098 mire
722 1047 815 1099 sanat.
855 1036 947 1098 vituli
970 1036 1066 1116 adeps
1090 1056 1127 1098 ex

107 1128 217 1189 semina
245 1126 360 1188 sublata
388 1146 457 1188 cum
485 1146 578 1207 aquae
606 1126 711 1205 cotylis
738 1126 836 1187 tribus
860 1126 983 1187 decocta
1007 1135 1041 1186 et
1065 1139 1164 1187 sor-1⁰

107 1216 230 1278 bitionis
252 1234 336 1276 more
361 1224 478 1295 sumpta
501 1215 612 1296 cyliaco
635 1215 799 1293 plurimum
821 1215 953 1294 prodest.

54 1318 88 1367 68
198 1305 315 1385 Gyliaco
343 1313 374 1365 et
402 1308 443 1385 ei,
472 1307 524 1384 qui
551 1302 748 1365 eiectionihus
777 1303 823 1363 661
851 1301 1005 1364 doloribus
1030 1305 1128 1364 acutis

108 1394 165 1455 alvi
198 1396 287 1454 variis
319 1393 492 1472 vexabitur,
530 1401 669 1471 potenter
701 1410 879 1472 succurres,
915 1393 942 1451 si
977 1389 1128 1452 muliebre

108 1483 153 1544 lac
181 1500 269 1561 quam
296 1480 460 1559 plurimum
488 1483 588 1541 ieiuno
617 1483 701 1561 potui
732 1481 865 1562 dederis,
897 1481 993 1541 donec
1024 1497 1128 1558 persa·

55 1579 207 1632 6966166.
252 1569 419 1629 Haedinum
452 1569 608 1647 coagulum
640 1569 844 1647 magnitudine
876 1569 960 1629 labae
992 1570 1026 1628 in
1060 1572 1129 1631 vino
1142 1581 1166 1623 1⁵

109 1668 223 1741 myrteo
248 1660 408 1719 remissum
437 1666 467 1718 et
492 1660 592 1718 ieiuno
621 1657 732 1736 cyliaco
759 1660 845 1737 potui
872 1657 975 1718 datum
998 1657 1128 1720 61116661-

109 1758 156 1810 166
178 1747 309 1827 prodest.

56 1849 90 1898 7ο
198 1835 379 1916 Membrana,
404 1853 479 1915 quae
503 1837 602 1896 estin
625 1834 792 1894 6661616616
811 1834 945 1916 gallinae,
964 1837 1079 1897 siccata
1099 1844 1130 1897 et

110 1927 180 1986 trita
204 1934 234 1986 61
257 1944 325 1986 cum
350 1927 417 1985 6166
441 1932 561 1985 6661666
585 1923 696 2003 6611666
719 1925 819 1983 161666
838 1925 924 2001 potui
942 1923 1010 1984 data
1028 1925 1130 1986 mede·

110 2023 169 2097 tur,
192 2017 234 2075 116
257 2023 291 2075 61
313 2017 378 2093 ipsa
401 2013 508 2092 gallina
530 2015 615 2093 prius
637 2012 683 2072 661
706 2011 797 2072 biduo
816 2011 1002 2072 abstineatur
1020 2031 1038 2073 a
1058 2011 1127 2075 cibo
1143 2025 1166 2066 2⁰

111 2114 141 2166 61
168 2107 220 2183 qui
248 2105 400 2182 potionem
428 2110 606 2181 accepturus
634 2109 694 2176 est,
722 2110 789 2160 ante
819 2100 898 2160 diem
924 2101 1010 2179 fruge
1035 2105 1077 2163 sit
1100 2111 1131 2163 et

58 2205 170 2254 71666
195 2201 290 2252 cenet.
330 2190 391 2252 Ova
414 2193 445 2251 in
469 2198 553 2251 aceto
576 2209 645 2250 cum
668 2191 754 2250 testis
773 2191 835 2249 suis
853 2197 1002 2250 macerata
1021 2198 1053 2251 et
1072 2191 1130 2251 alio

111 2282 159 2341 die
182 2283 214 2340 in
237 2279 375 2357 patellam
397 2280 495 2339 inlusa
519 2278 620 2356 ibique
643 2285 751 2338 tostata
775 2277 894 2356 cyliacis
917 2280 949 2337 16
972 2277 1041 2338 cibo
1061 2280 1131 2340 data

110 2368 273 2446 plurimum
296 2375 431 2443 prosunt.

58 2468 92 2518 76
200 2451 348 2513 Pulticula
361 2453 395 2512 fit
409 2471 445 2513 ex
460 2453 533 2512 alica
547 2455 632 2531 prius
646 2461 754 2513 testata
769 2472 856 2532 quam
871 2456 997 2533 accipiat
1006 2473 1130 2538 aquam3
1143 2467 1169 2510 as

112 2542 209 2603 inlusa
237 2559 307 2601 6666
336 2558 411 2619 aqua
440 2560 508 2601 cera
536 2543 659 2601 remissa
687 2541 748 2602 illic
776 2545 905 2603 mittitur
929 2551 960 2604 et
982 2543 1055 2604 dum
1080 2563 1130 2606 ex-

59 2645 92 2694 73
112 2631 215 2709 coquit
238 2631 403 2708 coagitatur
426 2638 456 2690 et
479 2649 495 2690 a
514 2629 624 2709 cyliaco
644 2629 736 2691 calida
757 2631 905 2693 sorbetur.
942 2631 1024 2693 Galla
1042 2632 1129 2693 Com·

112 2737 235 2798 magena
263 2717 450 2780 comburitur
478 2727 508 2779 et
535 2721 611 2779 61616
644 2722 709 2780 6166
741 2721 925 2798 extinguitur
956 2723 1026 2782 6166
1057 2738 1129 2782 con-

60 2811 263 2889 attritosque
292 2810 389 2868 ventri
417 2808 520 2889 cyliaci
552 2808 702 2888 inlinitur,
734 2811 833 2869 statim
865 2808 1012 2870 subvenit.
1058 2809 1129 2870 Flos

112 2899 241 2961 hederae
264 2897 362 2959 tribus
386 2898 486 2977 digitis
510 2908 647 2979 sumptus
668 2897 826 2976 diligenter
844 2899 934 2958 tritus
953 2907 983 2958 et
1001 2917 1038 2957 ex
1059 2901 1128 2960 vino
1142 2911 1168 2952 eo

60 3001 94 3050 76
113 2997 233 3050 austero
261 2987 372 3068 cyliaco
395 2990 481 3067 potui
503 2988 590 3049 datus
614 2987 758 3047 medetur.
801 2985 909 3046 Serum
933 2985 1055 3046 ovillum
1079 2987 1129 3048 de·

113 3087 232 3139 coctum
258 3080 290 3137 in
318 3079 386 3137 vino
414 3085 533 3138 austero
562 3084 592 3136 et
620 3075 747 3136 calidum
774 3076 859 3153 potui
887 3074 996 3154 cyliaco
1025 3075 1129 3137 datum

112 3167 270 3227 manifesto
293 3165 425 3225 remedio
449 3167 515 3225 erit.

59 3267 94 3317 76
202 3253 304 3314 Laridi
326 3255 435 3313 veteris
458 3255 578 3331 pinguis
605 3285 642 3294 —
664 3250 717 3332 lll,
745 3250 842 3312 mellis
865 3250 936 3311 honi
959 3250 1130 3331 despumati

114 3343 297 3422 tantundem,
316 3343 378 3401 vini
396 3343 506 3402 veteris
525 3342 638 3401 austeri
656 3340 777 3420 cyathos
795 3348 866 3419 tres,
886 3357 1009 3400 ovorum
1028 3348 1128 3402 cocto·
1143 3353 1170 3395 ³⁵

198 3527 317 3584 416666.
393 3535 427 3584 10
446 3527 549 3585 6611116.
621 3532 656 3584 26
675 3527 837 3596 exquoquit.
908 3533 943 3582 30
961 3527 1091 3585 haedere.
