2438 3802
505 136 743 201 „244-

112 300 252 360 iocineris
276 307 306 359 et
328 299 574 378 praecordiorum
598 298 741 358 duritiam
764 307 794 358 et
817 299 853 358 ad
873 298 1006 358 dolorem
1025 317 1138 362 eorum

113 406 182 449 vere
211 389 363 468 convenit3
391 387 526 468 proderit
555 389 644 447 etiam
673 388 754 447 omni
783 386 848 448 loco
879 386 992 447 dolenti
1020 390 1138 468 inposi-

113 485 185 558 tum,
205 479 363 538 conficitur
382 479 438 537 sic:
458 475 575 557 cyperi,
595 478 794 537 ammoniacae
812 482 922 556 guttae,
941 476 1138 559 cardamomi,

113 566 251 646 bidellae‚
280 568 371 645 turis,
398 566 513 624 resinae
542 565 775 643 terebinthinae,
808 563 993 642 singulorum
1027 569 1137 627 uncias

113 655 211 736 binas3
235 663 284 716 tus
308 663 338 714 et
360 652 469 713 bidella
492 661 682 715 macerantur
705 653 800 733 pridie
823 653 921 713 infusa
940 655 1001 713 vini
1021 659 1166 716 veteriss

113 746 252 822 sextario,
280 751 380 803 cetera
409 741 649 822 contunduntur3
678 742 785 803 deinde
813 759 899 802 cerae
923 740 954 802 P.
977 741 990 801 l
1019 752 1050 803 et
1075 744 1137 805 olei

114 833 231 911 cyprini
249 828 309 890 81
331 848 399 890 cum
418 829 621 891 terebinthina
640 831 797 911 liquefiunt
816 831 985 909 ceterisque
1003 833 1136 894 miscen-

116 927 164 978 tur
192 928 222 979 et
251 918 302 978 diu
331 917 468 980 manibus
492 918 685 1000 subiguntur3
714 919 833 998 qnidam
856 919 989 980 adiciunt
1012 939 1135 1000 myrrae

39 1068 46 1080 ,
117 1039 155 1050 -
175 1006 197 1086 Ι,
221 1009 303 1067 croci
328 1040 366 1050 —
387 1007 410 1088 l,
432 1010 562 1068 cinnami
584 1042 629 1051 -
649 1007 671 1068 1.

78 1108 95 1157 a
204 1095 376 1174 Conpositio
397 1095 470 1157 haec
489 1097 614 1157 mirifica
634 1115 693 1157 non
712 1095 807 1156 solum
827 1096 938 1176 lateris,
962 1114 1067 1156 verum
1087 1101 1175 1159 in-1o

115 1193 305 1245 teraneorum
333 1185 451 1246 dolores
480 1188 599 1247 minuit:
636 1183 752 1245 Herbae
779 1187 935 1262 gentianae
963 1183 1045 1264 drag.
1067 1185 1136 1267 XX,

114 1276 168 1334 iris
186 1273 321 1353 Illyricae
341 1272 421 1352 drag.
440 1274 524 1353 XLV,
542 1292 658 1353 myrrae
677 1269 756 1352 drag.
775 1272 810 1354 X,
834 1275 947 1352 piperis
967 1271 1046 1352 drag.
1067 1273 1136 1337 Xll.

116 1362 283 1442 Separatim
306 1365 403 1423 omnia
426 1366 456 1423 in
480 1363 634 1441 pulverem
654 1362 774 1423 redacta
792 1363 917 1422 misceto
936 1370 1025 1441 atque
1046 1364 1135 1426 adice

115 1451 162 1511 his
192 1451 286 1531 mellis
315 1453 420 1530 optimi
450 1451 618 1531 despumati
646 1451 724 1530 qnod
755 1453 826 1511 satis
855 1450 1004 1512 videbitur
1036 1461 1066 1512 et
1096 1455 1135 1515 ad

115 1540 350 1619 magnitudinem
378 1542 464 1600 nucis
492 1539 639 1600 avellanae
667 1559 734 1600 cum
763 1558 855 1619 aquae
880 1539 992 1600 calidae
1015 1541 1135 1620 cyathis
1151 1559 1175 1600 ra

116 1628 213 1689 tribus
237 1630 322 1707 potui
345 1628 422 1688 dato.

80 1727 98 1776 4
206 1717 313 1795 Herba,
338 1735 413 1795 quae
436 1719 489 1777 iris
508 1716 682 1795 appellatur,
705 1719 832 1777 maxime
852 1720 877 1777 si
898 1716 1043 1777 silvestris
1063 1722 1135 1800 erit,

81 1816 97 1864 5
116 1805 237 1885 inligata
255 1806 342 1866 lateri
356 1805 488 1866 dolorem
503 1807 568 1866 eius
583 1807 720 1885 protinus
734 1805 820 1866 tollit.
853 1805 968 1865 Herbae
984 1806 1136 1869 verbenae

117 1893 254 1954 solistitio
270 1893 410 1955 collectae
425 1895 570 1955 arefactae
590 1901 620 1954 et
634 1902 775 1955 contusae
794 1894 891 1973 pulvis
905 1897 937 1954 in
954 1895 1137 1958 cocliaribus

118 1985 250 2062 qrrinque
279 1983 403 2045 robusto
433 1991 463 2044 et
485 1982 580 2043 valido
605 2001 640 2042 ex
663 1985 723 2042 vini
746 1983 862 2043 Aminei
885 1985 996 2043 veteris
1019 1985 1175 2062 cyathisso

117 2070 225 2152 tribus,
249 2071 431 2134 febricitanti
455 2091 491 2132 ex
515 2089 589 2150 aqua
613 2071 705 2132 calida
730 2073 815 2150 potui
834 2071 920 2131 datus
943 2074 1018 2131 mire
1038 2073 1139 2136 dolori

81 2160 217 2221 clateris
241 2161 386 2222 medetur.
427 2160 544 2221 Herbae
572 2162 726 2238 gentianae
750 2169 780 2220 et
804 2162 944 2239 sagapeni
967 2159 1048 2239 drag.
1074 2165 1137 2223 sin·

115 2249 201 2326 gulae
225 2251 370 2309 contritae
396 2256 426 2309 et
450 2267 518 2309 cum
541 2267 634 2327 aquae
658 2248 769 2309 calidae
794 2249 907 2328 cyathis
933 2249 1029 2310 trihus
1049 2255 1138 2328 potui

115 2337 199 2396 datae
223 2335 356 2396 dolorem
379 2336 480 2396 lateris
504 2337 617 2416 sedant,
640 2340 666 2396 si
689 2339 720 2396 in
743 2336 831 2416 latus,
859 2337 938 2416 quod
958 2337 1046 2418 dolet,
1065 2351 1138 2417 post

115 2425 299 2483 curationem
322 2424 457 2483 infirmus
481 2424 533 2485 diu
557 2426 690 2485 iacuerit.
1150 2445 1175 2486 no

81 2523 96 2572 t
205 2510 238 2569 ln
256 2510 353 2588 lapide
372 2511 486 2591 iaspide
500 2511 626 2592 Phrygia
646 2514 778 2573 aerizusa
799 2515 823 2572 si
845 2520 914 2573 nota
929 2514 1006 2574 infra
1021 2517 1136 2595 scripta

115 2597 263 2678 insculpta
283 2599 382 2680 fuerit,
401 2599 431 2660 id
447 2607 492 2660 est
507 2616 556 2675 55
566 2618 590 2677 5·
605 2610 635 2660 et
649 2600 724 2661 collo
744 2600 871 2663 dolentis
886 2601 963 2663 latus
979 2603 1070 2664 fuerit
1085 2624 1135 2666 su·

81 2699 98 2748 8
117 2705 253 2766 sponsus,
267 2690 342 2749 mire
356 2689 499 2768 proderit.
524 2688 640 2751 Herbae
651 2693 816 2751 vettonicae
832 2691 969 2752 foliorum
985 2693 1135 2755 inumbra

116 2776 261 2838 arefactae
280 2787 385 2839 tunsae
405 2779 611 2859 cribrataeque
628 2772 667 2866 2·
682 2778 708 2838 ll
723 2799 758 2841 ex
773 2781 834 2840 vini
848 2789 899 2840 ant
912 2780 1002 2840 mulsi
1017 2783 1134 2860 cyathis

116 2865 233 2928 duobus
253 2869 337 2946 potui
357 2887 437 2950 sano,
457 2868 653 2930 febrienlento
673 2888 709 2930 ex
727 2888 802 2949 aqua
816 2869 910 2929 mulsa
925 2869 1041 2948 dantur,
1061 2889 1132 2932 con·
1149 2888 1175 2928 eo

82 2967 98 3016 9
117 2955 216 3017 festim
237 2956 369 3018 dolorem
383 2957 485 3019 lateris
505 2959 671 3019 emendant.
708 2960 782 3038 Apri
800 2966 916 3018 stercus
931 2957 1046 3018 aridum
1062 2979 1132 3021 con-

119 3047 223 3106 tritum
236 3054 266 3105 et
276 3048 390 3124 potioni
399 3049 569 3127 inspersum
579 3047 696 3106 dolores
705 3047 806 3107 lateris
817 3053 899 3105 sanat
907 3047 980 3104 mira
989 3051 1131 3123 potentia.

67 3143 101 3192 10
208 3133 331 3194 Cocleae
350 3145 503 3214 exemptae
521 3142 598 3196 testa
618 3153 671 3194 sna
690 3142 720 3194 et
734 3152 800 3194 cnm
816 3135 931 3211 ptisana
945 3143 1046 3194 coctae
1060 3135 1131 3196 late·

116 3223 157 3280 ris
181 3221 333 3283 doloribus
356 3223 523 3303 medentur,
544 3221 661 3301 melius,
681 3223 707 3282 si
726 3239 860 3282 umorem
879 3224 1012 3301 ptisanae
1034 3225 1130 3301 ipsius

205 3425 436 3494 coercentium,
454 3427 517 3481 itero
536 3431 560 3481 7.
627 3431 659 3480 12
678 3424 788 3480 mitrae.
856 3432 891 3482 20
909 3427 1033 3499 Aminei]
1054 3445 1129 3485 com·

115 3494 210 3548 minei.
248 3499 281 3549 21
301 3495 486 3552 febricitante.
560 3501 595 3552 26
614 3495 699 3568 frigio
718 3495 825 3553 erizisn.
