2438 3802
513 156 754 220 -102-

124 327 159 380 ut
182 319 337 380 considant
360 321 476 399 sordes,
500 328 530 380 et
552 319 716 399 posthaec
740 319 863 399 celabis,
886 328 920 380 ut
943 321 982 379 sit
1005 317 1144 396 liquidis-

124 411 218 469 simus
241 427 345 489 sucus3
369 409 405 469 de
429 409 485 469 hoc
508 407 624 486 liquore
649 407 722 468 duas
745 417 846 486 partes
868 410 967 468 mittes
994 417 1025 467 et
1049 425 1142 468 unam

123 496 219 558 mellis
248 497 390 558 stillaticii
417 507 468 557 aut
496 505 578 557 certe
605 498 696 556 Attici
725 499 828 575 optimi
860 506 891 557 et
918 499 961 556 sic
989 495 1143 574 decoques

122 589 242 647 invase
262 586 373 664 duplici
391 585 426 645 ad
447 588 564 665 tertias;
587 593 652 646 tum
670 585 827 646 decoctum
847 584 992 645 recondes
1016 593 1047 644 et
1071 603 1143 646 cum

123 694 198 754 opus
228 675 331 754 fuerit,
359 674 487 735 calidum
516 692 569 753 per
598 673 752 752 specillum
781 672 954 734 medicinale
981 675 1013 733 iu
1037 690 1170 734 auremo

123 764 263 824 infundes
291 765 344 844 ita,
373 771 407 824 ut
434 764 624 842 postmodum
652 765 745 842 ipsam
775 764 811 823 de
839 762 903 822 lana
933 763 1046 822 marino
1071 781 1142 822 con-

71 864 105 914 74
124 851 221 930 chylio
253 851 361 912 inlecta
395 852 522 912 claudas.
569 851 690 912 Cunilae
723 851 826 912 viridis
860 869 951 911 sucus
979 868 1142 928 expressus

72 947 214 1018 ibatque
241 941 391 1001 auriculae
419 941 537 1001 infusus
565 943 652 1000 unice
681 941 813 1001 dolorem
836 939 921 1000 tollit.
966 938 1141 1000 Vettonicae

123 1028 234 1089 herbae
267 1031 369 1090 viridis
401 1040 432 1090 et
459 1032 594 1090 recentis·
617 1029 686 1089 lolia
713 1029 760 1089 vel
787 1047 841 1108 per
870 1047 902 1088 se
930 1027 975 1088 vel
1005 1030 1036 1087 in
1064 1047 1142 1107 aqua

122 1117 285 1178 madefacta
308 1122 397 1179 terito
422 1136 587 1197 sucumque
611 1136 714 1178 corum
734 1120 872 1199 excipito,
896 1117 1002 1178 deinde
1023 1116 1140 1178 adiecto
1156 1135 1180 1174 1o

123 1225 208 1267 rosae
243 1225 314 1267 suco
348 1217 398 1268 aut
426 1225 548 1267 rosaceo
576 1205 641 1267 oleo
669 1206 769 1284 tepido
802 1209 833 1266 in
868 1225 970 1266 aurem
998 1207 1141 1266 instillato

72 1309 105 1359 76
124 1295 248 1376 lanaque
273 1296 411 1378 claudite,
433 1298 542 1356 mirum
565 1303 618 1356 est.
657 1293 689 1354 Si
708 1294 840 1355 auricula
858 1297 985 1355 interius
1004 1294 1141 1356 ulcerosa

124 1387 194 1465 erit,
222 1387 305 1464 porri
328 1388 431 1446 sectivi
456 1403 560 1445 sucum
580 1381 643 1444 st
668 1402 736 1444 cum
760 1383 855 1443 mellis
878 1383 996 1443 hemina
1020 1384 1054 1443 ad
1080 1391 1140 1444 ter·

124 1476 180 1533 tias
209 1473 365 1551 decoquito
393 1482 421 1533 et
450 1492 504 1552 per
531 1473 626 1532 lanam
651 1473 785 1551 tepidum
809 1475 965 1532 inaurem
989 1471 1140 1532 instillato.

71 1574 103 1624 77
125 1561 272 1622 Cannabis
301 1561 438 1621 loliorum
467 1579 558 1621 sucus
586 1561 736 1622 auriculae
764 1561 924 1621 instillatus
952 1579 1068 1620 vermes
1096 1563 1179 1620 11-11

124 1659 208 1710 natos
227 1649 344 1710 necabit
363 1657 393 1709 et
412 1651 437 1709 si
456 1649 535 1728 quod
555 1649 633 1710 aliud
653 1650 761 1710 animal
779 1652 948 1728 inrepserit,
971 1650 1140 1710 interficiet.

71 1751 104 1800 78
123 1738 264 1798 Eiusdem
293 1740 415 1798 seminis
440 1738 544 1798 viridis
568 1757 658 1799 sucus
681 1739 841 1798 instillatus
864 1737 996 1798 dolorem
1020 1756 1141 1798 emnem

71 1839 103 1889 78
124 1826 273 1886 auriculae
300 1834 440 1906 potenter
467 1829 581 1888 avertit.
628 1827 723 1905 Cepae
752 1845 842 1887 sucus
871 1845 939 1887 cum
963 1825 1049 1885 melle
1073 1845 1141 1904 per-

122 1917 233 1975 mixtus
257 1924 286 1975 et
309 1916 458 1977 auriculae
483 1916 642 1977 instillatus
666 1917 794 1993 graviter
818 1915 973 1975 audientes
992 1915 1141 1995 emendat,

123 2003 256 2065 dolorem
280 2005 371 2088 sedat,
397 2007 555 2086 purulenta
580 2013 733 2084 expurgat,
757 2022 873 2064 vermes
896 2011 1008 2082 enecat,
1032 2021 1141 2082 aqrram
1155 2021 1180 2060 1ο

123 2097 225 2178 etiam,
259 2114 334 2175 quae
365 2100 497 2174 ingressa
525 2096 628 2174 fuerit,
657 2101 687 2154 et
716 2111 832 2152 omnem
862 2110 997 2152 umorem
1029 2093 1141 2153 educit.

69 2195 104 2245 80
124 2184 279 2264 Cyminum
308 2185 443 2245 silvestre
470 2187 632 2244 contritum
656 2191 686 2242 et
709 2201 782 2242 1111
806 2189 890 2241 11111
914 2183 1072 2241 inmixtum
1095 2185 1140 2242 in·

122 2273 324 2351 stillatumque
348 2272 498 2332 auriculae
522 2272 654 2331 dolorem
677 2269 763 2349 lenit,
795 2277 898 2330 ventos
922 2289 1041 2349 quoque
1065 2272 1141 2330 inte-

122 2364 186 2420 rius
210 2369 350 2420 sonantes
373 2367 507 2420 removet
530 2367 618 2437 atque
642 2376 729 2417 omne
754 2360 857 2418 vitium
881 2368 1019 2436 potenter
1040 2377 1141 2419 emen·

69 2460 102 2509 81
122 2447 179 2508 dat.
217 2447 354 2526 Herbam,
370 2464 457 2525 quam
473 2446 578 2507 Graeci
592 2446 767 2526 polygonon,
783 2465 837 2506 nos
852 2447 965 2525 aliquot
979 2446 1141 2528 vocabulis,
1155 2463 1181 2504 11

123 2536 175 2595 sed
199 2538 358 2613 praecipue
382 2534 584 2613 sanguinalem
609 2535 744 2614 11111111,
768 2537 842 2595 mira
866 2536 997 2595 efficacia
1022 2535 1141 2597 dolores

122 2625 239 2684 aurium
269 2623 419 2683 discutere
447 2625 536 2683 etiam
566 2642 621 2684 nos
644 2627 759 2701 experti
783 2642 900 2702 sumus,
929 2627 955 2683 si
979 2642 1141 2702 expressus

69 2725 103 2775 82
123 2730 214 2773 sucus
233 2713 297 2772 eius
316 2712 482 2790 tepefactus
497 2711 619 2773 auribus
634 2712 803 2775 instilletur.
842 2712 1015 2773 Senecionis
1029 2713 1141 2774 herbae

125 2819 215 2862 sucus
244 2819 311 2861 cum
340 2800 453 2881 liquido
482 2802 574 2863 nardo
602 2801 761 2863 instillatus
790 2810 820 2862 et
843 2801 961 2861 dolores
985 2809 1015 2861 et
1039 2801 1164 2876 ulcera,

74 2903 107 2952 83
127 2892 244 2952 aurium
278 2898 369 2952 sanat.
421 2890 526 2953 Oleum
557 2891 706 2954 laurinum
735 2891 842 2970 strigili
869 2891 984 2951 ferreae
1011 2890 1141 2951 inditum
1156 2908 1183 2948 ao

125 2988 214 3060 atque
240 2983 280 3042 ita
304 2980 479 3042 calefactum
502 2982 693 3059 inlusumque
718 2980 867 3041 auriculae
891 2978 1023 3039 dolorem
1048 2979 1143 3040 sedat.

70 3081 105 3130 84
124 3069 247 3131 Vermes
267 3089 302 3131 ex
326 3071 458 3150 qualibet
481 3071 587 3131 arbore
611 3070 696 3129 rubri
719 3068 828 3129 coloris
848 3070 969 3128 contriti
988 3087 1056 3127 cum
1075 3068 1141 3128 oleo

64 3167 155 3220 8111
178 3160 269 3219 1111111
292 3159 410 3220 dolores
434 3161 551 3220 aurium
571 3158 684 3218 sedant.
721 3157 804 3235 Aqua
824 3159 956 3234 ingressa
976 3156 1141 3217 auriculam

122 3249 149 3307 si
173 3248 305 3308 dolorem
328 3248 429 3327 faciet,
457 3246 527 3306 rubi
549 3250 646 3306 teneri
670 3264 760 3306 sucus
784 3262 944 3323 expressus
968 3255 998 3305 11
1020 3246 1140 3306 1111111

195 3450 399 3522 tspecillum]
423 3450 541 3522 spicille.
657 3451 809 3506 6111111111.
918 3448 1065 3518 conchylio
1089 3469 1141 3506 om.

133 3522 326 3578 'inconfecta
401 3526 432 3576 12
453 3521 590 3594 claudite]
608 3521 691 3578 eladi.
764 3526 799 3576 28
818 3520 973 3576 1111111111.
