2438 3802
493 160 711 226 ..15-

200 357 393 420 Cornelius
416 357 542 418 Celsus
567 357 599 420 G.
623 357 713 419 lulio
739 358 888 420 Callisto
914 359 943 420 S.
966 359 999 422 n.

182 500 264 562 luter
287 502 430 561 maximos
455 500 603 579 quondam
626 500 746 561 habitus
767 500 899 562 medicos
918 500 1140 582 Herophilus,1

93 590 127 651 G.
146 589 202 651 luli
221 588 350 671 Calliste,
369 590 465 650 fertur
484 590 593 649 dixisse
612 589 827 650 medicamenta
851 590 975 651 deorum
998 592 1107 650 inmor-

91 679 196 740 talium
219 697 326 739 manus
349 695 424 758 esse,
448 696 508 737 non
532 680 595 738 sine
619 681 742 758 ratione,
766 687 800 738 ut
823 697 888 738 mea
912 680 971 739 lert
994 679 1108 759 opini03

90 785 218 846 prorsus
242 769 322 828 enim
346 766 424 845 quod
448 773 546 827 tactus
571 766 688 827 divinus
708 767 826 828 efficere
845 775 952 848 potest,
976 767 1007 828 id
1026 785 1108 845 prac-

62 863 174 917 sstant
197 856 411 916 medicamenta
435 873 507 916 usus
534 857 716 934 experientia
740 856 928 934 conprobata.
970 856 1107 918 Animad-

90 946 238 1005 vertimus
260 946 360 1022 itaque
385 961 472 1022 saepe
495 945 575 1003 inter
593 942 822 1005 deliberationes
841 948 1105 1024 contentionesque

90 1032 277 1093 medicorum
293 1034 468 1092 auctoritate
483 1032 734 1113 praecedentium,
754 1033 824 1095 dum
839 1037 1002 1116 quaeritur,
1022 1035 1105 1113 quid·

91 1140 161 1183 nam
189 1121 358 1181 faciendum
386 1128 438 1181 aut
466 1139 523 1200 qua
548 1123 662 1182 ratione
687 1122 922 1184 succurrendum
947 1125 986 1184 sit
1008 1141 1105 1204 aegro,

92 1209 236 1289 quosdam
260 1209 390 1270 humiles
414 1210 533 1288 quidem
557 1218 586 1270 et
609 1209 719 1288 alioqui
742 1213 873 1293 ignotos,
901 1229 1004 1272 revera
1027 1212 1105 1288 peri·

51 1319 78 1359 ro
91 1302 185 1360 tiores
209 1298 264 1379 vel,
288 1298 367 1377 quod
391 1298 478 1358 lateri
500 1298 601 1377 pudet,
624 1298 711 1376 longe
731 1308 895 1360 summotos
914 1318 930 1358 a
950 1297 1106 1376 disciplina

91 1388 257 1448 medicinae
286 1395 316 1447 et
343 1405 380 1447 ne
404 1387 516 1447 adfines
540 1388 660 1466 quidem
686 1390 750 1448 eius
779 1388 957 1465 professioni
981 1386 1106 1446 medica·

92 1484 193 1537 mento
217 1476 331 1537 efficaci
355 1475 422 1536 dato
446 1478 583 1554 protinus
606 1475 688 1536 velut
710 1476 862 1554 praesenti
885 1477 1005 1535 numine
1026 1476 1106 1535 omni

90 1566 192 1627 dolore
209 1564 403 1644 periculoque
422 1564 564 1625 liberasse
584 1583 695 1644 aegros.
732 1563 931 1634 Quamobrem
945 1563 1106 1643 spernendi
1124 1576 1140 1624 2

90 1663 163 1715 sunt
186 1653 315 1734 quidem,
338 1656 390 1732 qui
413 1653 590 1715 medicinam
614 1654 741 1734 spoliare
765 1661 911 1733 temptant
933 1672 991 1714 usu
1014 1653 1105 1713 medi·

48 1762 76 1804 as
91 1750 306 1821 camentorum,
329 1743 429 1802 forsan
452 1761 512 1803 non
535 1762 551 1803 a
575 1743 729 1823 medendo,
753 1742 805 1804 sed
829 1761 845 1804 a
868 1744 1001 1822 potentia
1020 1742 1105 1803 effec-

90 1840 185 1910 tuque
218 1830 501 1891 medicamentorum
533 1833 574 1892 ita
606 1832 794 1912 appellatam,
827 1832 974 1911 probandi
1005 1840 1104 1893 autem

92 1928 177 1999 sunt,
205 1921 257 1998 qui
285 1921 366 1979 omni
392 1919 480 1980 modo
510 1938 688 1980 succurrere
714 1920 951 1998 periclitantibus
975 1921 1103 1982 student.

92 2008 157 2086 Ego
185 2016 265 2068 certe
292 2007 468 2086 aliquotiens
496 2025 636 2084 magnum
665 2009 806 2067 scientiae
835 2017 1014 2069 consecutus
1039 2026 1105 2068 sum

92 2096 214 2158 titulum
233 2114 267 2156 ex
286 2115 344 2157 usu
363 2114 506 2176 prospere
526 2096 663 2155 datorum
682 2094 965 2156 medicamentorum
983 2095 1104 2154 multos·

50 2204 77 2244 so
92 2205 150 2266 que
165 2203 200 2245 ex
216 2185 319 2245 eadem
333 2203 422 2244 causa
436 2203 496 2244 non
511 2183 690 2244 mediocrem
711 2183 833 2262 gloriam
852 2182 957 2243 tulisse
976 2185 1104 2244 memini.

90 2275 145 2335 Est
164 2277 243 2334 enim
261 2274 335 2333 haec
352 2291 421 2351 pars
436 2274 599 2334 medicinae
619 2273 665 2334 vel
683 2274 809 2333 maxime
829 2274 1004 2352 necessaria,
1024 2280 1105 2333 certe

91 2365 306 2443 antiquissima,
330 2369 360 2422 et
383 2361 420 2421 ob
439 2361 496 2422 hoc
515 2364 644 2441 primum
664 2361 812 2423 celebrata
833 2370 921 2441 atque
940 2361 1104 2442 inlustrata,

91 2452 240 2530 siquidem
267 2469 372 2511 verum
401 2458 446 2511 est
474 2453 610 2531 antiquos
638 2450 740 2512 herbis
769 2470 802 2511 ao
828 2450 979 2513 radicibus
1003 2469 1104 2512 earum

92 2543 227 2618 corporis
246 2542 316 2600 vitia
336 2557 466 2620 curasse,
486 2543 554 2619 quia
572 2541 710 2600 timidum
729 2559 824 2619 genus
843 2540 1013 2601 mortalium
1026 2543 1105 2601 inter

51 2644 78 2685 es
91 2629 176 2688 initia
195 2647 254 2689 non
274 2627 359 2688 laoile
379 2646 410 2688 se
430 2629 509 2688 ferro
528 2631 649 2708 ignique
669 2629 880 2690 committebat.
915 2629 1000 2700 Otrod
1016 2631 1105 2689 etiam

92 2735 173 2777 nunc
200 2716 336 2796 plerique
368 2717 493 2798 iaciunt,
522 2736 558 2777 ne
587 2718 684 2778 dicam
712 2737 828 2799 omneS,
857 2726 887 2778 et
915 2720 974 2777 nisi
1000 2735 1105 2795 magna

93 2805 230 2882 conpulsi
253 2807 430 2866 necessitate
453 2808 547 2884 ipsius
571 2806 675 2867 salutis
700 2826 759 2867 non
782 2809 936 2884 patiuntur
955 2805 1013 2865 sibi
1031 2806 1105 2883 fieri,

96 2910 172 2970 quae
196 2911 265 2953 sane
287 2896 334 2955 vix
358 2893 510 2956 toleranda
533 2901 610 2952 sunt.
653 2894 713 2952 Cur
739 2912 809 2970 ergo
834 2894 925 2970 aliqui
948 2892 1106 2952 excludant
1125 2903 1140 2949 3

95 2979 271 3041 medicinam
295 2983 330 3043 de
352 3002 410 3044 usu
433 2981 730 3058 medicamentorum,
754 2997 814 3039 non
837 2981 969 3058 invenio,
992 2981 1051 3037 nisi
1073 2985 1107 3038 ut

52 3087 80 3127 eo
96 3068 235 3148 detegant
261 3073 481 3151 inprudentiam
509 3086 601 3129 suam.
644 3065 711 3126 Sive
740 3067 819 3126 enim
848 3064 962 3125 nullum
992 3067 1106 3144 experi-

165 3240 306 3297 Scre‘boaie‘
323 3243 412 3313 Larpi
430 3244 496 3297 baec
514 3246 552 3297 est
573 3240 697 3310 epistula.

166 3313 320 3368 trondem
339 3319 396 3368 lm.
469 3312 650 3382 hierophilus.
724 3309 940 3379 beonprobato.
1005 3313 1038 3362 12
1058 3324 1106 3364 no·

93 3381 168 3437 mine
187 3389 247 3440 tm.
343 3390 375 3440 15
394 3385 477 3439 cerba
494 3384 588 3439 forsan
607 3399 664 3438 non
683 3400 701 3439 a
718 3382 855 3437 medendo
875 3382 923 3437 sed
943 3397 960 3434 a
978 3379 1107 3450 potentia

93 3453 250 3524 effectuque
270 3454 536 3511 medicamentorum
563 3471 611 3511 ota.
688 3460 721 3508 16
750 3453 894 3524 appellati.
968 3459 1002 3509 28
1025 3452 1104 3526 sane]

92 3525 167 3582 senis
187 3527 347 3583 ocrearius.
