2438 3802
505 144 745 209 -108-

115 325 208 367 unum
231 308 377 385 permixta
401 325 455 386 per
474 307 606 368 sucidam
626 307 721 367 lanam
740 308 813 366 inici
830 305 953 367 naribus
972 305 1131 384 oportebit.

116 395 199 456 Facit
227 404 323 456 autem
349 397 436 456 etiam
465 397 501 456 ad
525 414 641 456 omnem
667 415 702 456 ex
726 394 858 474 qualibet
885 403 968 474 parte
996 398 1131 473 corporis

82 485 163 548 8vel
191 504 227 545 ex
255 484 387 564 quolibet
414 483 537 545 vulnere
566 487 719 563 sanguinis
743 486 940 562 eruptionem.
986 483 1132 554 Quoniam
1214 476 1216 483 ’

116 575 266 635 interdum
294 576 347 655 ita,
376 581 409 633 ut
437 573 578 655 diximus,
607 577 706 634 minus
730 576 827 633 curati
850 576 930 634 naris
954 575 1024 634 vitio
1049 591 1132 652 prae·

117 664 208 723 locari
236 662 387 742 videntur,
415 664 541 722 maxime
570 681 638 722 cum
666 670 804 741 opturato
833 670 962 741 utroque
986 662 1156 722 foraminea

117 754 233 812 narium
262 751 393 830 spirandi
421 750 545 811 facultas
569 753 709 832 eripitur,
738 769 798 811 non
821 751 951 811 alienum
976 759 1021 810 est
1045 753 1133 830 scire,

118 859 175 920 qua
200 841 315 899 ratione
339 847 500 918 utrumque
524 842 671 920 praestari
693 842 801 920 possit,
830 848 864 901 ut
887 859 984 918 neque
1009 842 1133 918 spiratio

117 928 287 1007 inpediatur
311 947 365 988 nec
389 930 554 989 remedium
578 929 831 1008 efficacissimum,
854 947 909 1008 per
932 929 1011 1007 quod
1036 931 1133 1007 opitu·

117 1016 187 1076 latio
210 1017 332 1077 naribus
357 1017 495 1097 eflicitur,
518 1017 701 1078 excludatur.
738 1016 895 1095 Oportebit
918 1036 989 1096 ergo
1013 1035 1134 1078 sumere

117 1108 238 1184 pinnam
261 1108 376 1166 anseris
400 1124 488 1185 quam
510 1108 667 1166 maximam
692 1106 736 1169 vel
757 1107 861 1167 calami
880 1109 1031 1184 scriptorii
1051 1107 1171 1167 usto-1⁰

118 1195 175 1254 lam
198 1195 313 1255 modice
332 1195 506 1276 pleniorem,
530 1194 636 1254 deiude
656 1202 758 1273 aptare
777 1195 813 1255 ad
833 1195 1049 1274 longitudinem
1069 1197 1135 1255 nasi

118 1292 206 1364 atque
234 1286 274 1344 ita
303 1283 487 1362 praecidere,
516 1292 549 1343 ut
581 1303 616 1343 ex
645 1292 771 1362 utraque
799 1292 884 1362 parte
911 1283 1060 1362 perforata
1086 1287 1135 1365 sit,

119 1382 207 1452 atque
235 1373 384 1433 involvere
413 1391 477 1432 earn
505 1371 625 1432 fasciola
649 1374 733 1432 tenui
756 1372 846 1432 lintea
871 1375 955 1451 quasi
978 1374 1079 1431 instita
1106 1383 1136 1433 et

119 1462 238 1541 explere
257 1464 416 1522 circuitum
436 1463 509 1540 eius,
529 1461 623 1522 donec
642 1462 778 1522 videatur
796 1463 827 1521 in
842 1479 943 1521 narem
958 1479 1026 1520 cum
1044 1480 1135 1521 cunc-

119 1553 230 1611 tatione
254 1550 379 1628 quadam
403 1551 497 1627 recipi
519 1567 607 1629 posse
632 1559 720 1628 atque
744 1553 784 1610 ita
803 1558 836 1610 ut
855 1557 901 1610 est
919 1550 1134 1611 circumvoluta
1150 1564 1173 1605 rs

118 1642 286 1717 inmergere
314 1655 379 1697 eam
401 1655 473 1698 naso
497 1646 581 1698 aceto
605 1641 667 1698 acri
689 1639 828 1699 inlectam
857 1648 887 1698 et
913 1656 968 1716 per
991 1657 1056 1699 eam
1079 1641 1136 1700 ini·

119 1746 187 1788 cere
219 1727 369 1788 interdum
403 1738 519 1788 acetum
552 1744 620 1787 acre
652 1727 698 1786 vel
731 1745 835 1788 sucum
867 1745 957 1805 supra
985 1728 1136 1788 dictorum

119 1815 411 1876 medicamentorum.
448 1813 511 1876 Hoc
532 1825 630 1876 autem
650 1816 781 1876 remedio
800 1818 893 1894 magis
913 1817 958 1875 uti
976 1816 1137 1897 oportebit,

83 1916 99 1964 9
120 1922 188 1964 cum
212 1923 265 1982 per
289 1913 431 1985 utrasque
455 1923 542 1965 nares
564 1905 685 1965 lluxerit
706 1906 858 1983 sanguinis
877 1904 1065 1966 abundantia.
1104 1906 1138 1966 Si

120 1993 237 2072 quando
266 1993 419 2054 ulcuscula
443 1997 472 2054 in
496 1993 618 2054 naribus
641 1994 766 2072 luerint,
795 1993 979 2054 sanabuntur
1003 1994 1135 2055 lomento
1151 2011 1177 2049 ao

120 2101 213 2162 aquae
241 2101 334 2161 purae
362 2083 472 2144 calidae
500 2101 555 2162 per
583 2083 686 2143 molles
714 2083 844 2160 sfongias
876 2092 906 2142 et
938 2082 1136 2144 medicamen-

120 2181 219 2233 torum
242 2173 320 2232 inlra
343 2175 523 2250 scriptorum
547 2174 753 2251 perunctione,
776 2171 807 2231 id
831 2179 877 2232 est
895 2190 967 2231 suco
987 2171 1023 2231 de
1043 2175 1137 2233 moris

120 2280 189 2322 cum
217 2263 285 2321 vino
312 2260 459 2338 tepefacto
483 2262 644 2340 permixto,
673 2262 827 2338 conposito
852 2260 887 2320 ad
912 2260 1137 2338 spissitudinem

69 2363 101 2411 10
120 2350 224 2410 mellis.
261 2349 356 2409 Rosae
375 2349 474 2409 aridae
494 2347 539 2407 vel
557 2350 688 2408 recentis
707 2348 786 2409 loliis
806 2351 885 2409 tritis
905 2368 940 2409 ex
961 2352 1027 2409 vino
1049 2349 1137 2410 melle

68 2451 100 2498 11
122 2439 236 2499 adiecto
260 2438 342 2498 inlici
365 2455 452 2497 nares
473 2436 545 2497 utile
565 2446 619 2497 est.
656 2436 734 2497 Uvae
754 2439 919 2497 inmaturae
939 2456 1012 2498 suco
1032 2439 1136 2499 eodem
1151 2454 1178 2495 aa

121 2527 208 2587 modo
228 2529 392 2605 conposito,
413 2544 471 2605 quo
491 2544 595 2585 sticum
615 2525 651 2585 de
666 2528 758 2586 moris
773 2529 902 2605 conponi
916 2526 1026 2587 debere
1046 2546 1137 2607 supra

69 2629 101 2676 12
121 2616 258 2696 diximus,
273 2633 361 2675 nares
375 2615 502 2675 fluentes
517 2613 626 2692 repleri
641 2616 883 2692 percommodum
900 2623 953 2675 est.
991 2615 1137 2678 Malorum

120 2704 302 2765 Punicorum
321 2704 453 2765 dulcium
472 2711 560 2782 atque
580 2703 733 2764 acidorum
752 2723 824 2765 suco
844 2705 947 2765 eodem
964 2705 1051 2764 modo
1066 2724 1135 2766 con-

69 2806 100 2853 13
120 2794 218 2871 posito
237 2811 325 2853 nares
344 2793 497 2872 stipandae
517 2800 595 2852 sunt.
631 2792 743 2872 Myrtae
763 2792 844 2854 bacis
859 2802 948 2872 atque
963 2793 1041 2853 foliis
1057 2797 1137 2854 tritis

121 2900 157 2941 ex
180 2885 248 2941 rino
271 2884 303 2942 in
321 2881 417 2943 mellis
437 2881 659 2961 spissitudinem
680 2884 733 2964 oti,
756 2891 898 2961 utsupra
918 2884 1063 2961 scriptum
1082 2891 1137 2964 est,
1151 2899 1178 2938 ao

69 2984 102 3031 14
121 2974 268 3048 convenit.
312 2971 354 3031 De
378 2970 552 3052 terebinthi,
576 2970 707 3049 lentisci,
731 2971 799 3032 rubi
823 2971 981 3033 fruticibus
1005 2980 1034 3031 et
1058 2971 1136 3031 foliis

69 3072 101 3122 15
122 3079 194 3121 suco
218 3059 355 3120 similiter
378 3062 532 3139 conposito
556 3062 601 3120 uti
624 3059 754 3119 debebis.
794 3059 910 3119 Sertula
930 3060 1075 3138 Campana
1100 3079 1136 3120 ex

68 3162 100 3211 16
121 3167 208 3228 passo
228 3150 351 3209 decocta
370 3156 400 3208 et
414 3149 510 3208 inlusa
526 3146 648 3206 naribus
663 3147 794 3224 prodest.
830 3147 888 3208 Mel
902 3167 956 3226 per
971 3167 1002 3208 se
1017 3157 1136 3209 coctum

121 3244 152 3296 et
171 3256 240 3297 cnm
259 3237 333 3316 galla
349 3236 467 3315 Syriaca
482 3242 606 3295 contusa
620 3251 655 3294 ac
669 3237 753 3294 tenui
767 3235 867 3296 cribro
884 3240 1053 3297 transmissa
1070 3256 1136 3314 per·

69 3337 101 3386 1a
121 3327 247 3386 mixtum
267 3334 355 3403 atque
374 3323 506 3383 inlusum
525 3321 647 3382 naribus
664 3323 793 3401 prodest.
831 3325 1004 3386 Gravidines
1019 3327 1136 3386 narium
1151 3343 1177 3384 aa

122 3411 319 3491 sedabuntur,
343 3429 418 3490 quae
442 3429 478 3470 ex
503 3409 563 3470 sole
587 3419 638 3471 aut
660 3412 852 3490 perfrictione
874 3421 1063 3495 generantur,
1087 3414 1136 3474 ab·

177 3504 261 3561 tentia
281 3500 416 3561 ciborum
436 3499 582 3561 salsorum
601 3508 631 3561 et
645 3502 723 3562 inter
738 3503 821 3563 initia
837 3505 904 3564 vino
919 3512 1042 3584 remoto,
1061 3521 1136 3582 aqua
