2438 3802
511 141 753 207 -138-

122 311 152 364 et
174 302 280 382 pollice
304 321 428 381 granum
451 303 569 364 vulsum
597 305 640 364 sic
664 302 906 384 transgluttierit,
934 313 967 365 ut
995 303 1136 364 dentibus

68 406 103 455 53
122 410 181 452 non
211 394 371 470 contingat.
414 392 537 453 Stercus
566 391 743 453 caballinum
770 410 876 452 recens
904 391 1024 470 colliges
1048 399 1079 452 et
1104 394 1136 452 in

122 482 210 541 furno
234 480 398 559 calefacies,
420 488 493 541 tunc
516 480 614 541 oleum
638 480 735 541 medio
759 482 849 560 capiti
872 479 1011 540 infundes
1030 488 1135 540 contra

121 588 207 630 uvam
237 577 267 630 et
294 571 338 630 sic
366 579 482 629 stercus
510 569 694 648 praedictum
722 571 752 629 in
781 586 877 647 panno
906 568 952 628 vel
981 570 1012 628 in
1042 567 1135 629 linteo

66 672 102 721 54
122 661 217 736 spisso
237 659 327 737 capiti
346 657 542 736 superligabis
556 661 587 717 in
601 665 728 718 noctem.
761 656 914 717 Frumenti
933 675 1023 735 grana
1043 674 1163 735 supero

121 747 296 808 candentem
319 746 449 825 tegulam
471 763 565 825 pones
588 754 619 807 et
642 746 797 825 disperges
821 764 854 806 ea
878 753 908 805 et
931 764 999 806 cum
1023 745 1136 806 videris

121 853 156 894 ex
180 835 226 895 his
250 853 385 896 umorem
405 838 523 914 nigrum
543 837 633 915 exire,
657 834 693 895 de
712 834 857 896 cocleario
877 833 997 913 colliges
1016 844 1046 895 et
1065 834 1136 895 sub·

66 937 101 987 oo
120 923 189 982 inde
208 942 281 984 uvae
300 924 440 1004 adpones,
459 926 557 984 statim
577 923 764 984 remediabis.
797 923 841 984 Ad
856 923 957 983 fauces
977 931 1006 982 et
1024 925 1135 983 arteria

74 1036 76 1039 ·
120 1012 260 1089 impedita
284 1013 449 1074 remedium
472 1013 546 1074 utile
575 1015 632 1075 sic:
669 1011 757 1073 Croci
784 1013 920 1091 dragmas
942 1010 1019 1091 vul,
1049 1012 1135 1072 nardi

120 1098 201 1178 drag.
224 1099 264 1181 ΙΙ,
292 1101 534 1162 schoenuantbus
562 1098 642 1180 drag.
670 1101 696 1183 1,
723 1101 813 1162 amuli
842 1097 922 1180 drag.
946 1099 959 1160 l
983 1100 1016 1174 S,
1047 1118 1133 1160 rosae
1149 1118 1176 1158 ro

119 1191 240 1250 seminis
264 1187 345 1269 drag.
364 1190 391 1270 l,
414 1190 510 1250 mellis
533 1191 625 1251 Attici
647 1190 785 1270 cyathum
810 1208 903 1250 unum
927 1207 995 1249 cum
1019 1191 1133 1249 tonuis-

120 1279 194 1337 simo
222 1276 344 1356 pulvere
372 1281 541 1357 specierum
569 1297 659 1358 supra
686 1279 832 1340 dictarum
860 1277 1000 1338 miscebis
1029 1285 1059 1338 et
1082 1276 1133 1337 de-

66 1378 101 1430 od
120 1385 231 1446 coques
255 1369 386 1428 tenuiter
410 1375 440 1428 et
462 1368 498 1428 ad
522 1370 748 1446 perunctionem
772 1367 902 1428 faucium
928 1368 1031 1426 uteris.
1073 1365 1134 1426 Lac

119 1453 264 1516 bubulum
288 1474 394 1516 recens
417 1456 547 1516 mulsum
570 1464 600 1517 et
622 1457 702 1517 lento
726 1458 794 1534 igne
816 1455 989 1516 calefactum
1009 1453 1133 1533 gargali·

119 1553 276 1623 ratumque
296 1546 403 1604 arteria
419 1546 580 1605 constricta
598 1545 697 1605 infuso
717 1552 832 1605 catarro
852 1552 882 1604 et
897 1545 997 1604 fauces
1012 1561 1133 1621 exaspe·
1149 1559 1176 1600 ro

120 1641 199 1693 ratas
222 1635 363 1711 pristinae
387 1635 507 1692 sanitati
530 1634 668 1692 restituta
691 1641 838 1712 persanat.

66 1733 100 1784 57
210 1721 286 1782 Uvae
315 1721 427 1782 dolenti
455 1728 485 1781 et
507 1720 668 1782 destillanti
691 1722 939 1782 medicamentum
963 1728 1134 1800 praesenta·

120 1828 210 1870 neum
229 1812 285 1872 sic:
305 1809 402 1871 Gallae
422 1810 505 1870 rufae
525 1812 715 1890 semunciam,
735 1809 873 1871 aluminis
888 1811 974 1870 scissi
990 1801 1029 1895 ᾖ
1045 1808 1134 1890 Vllll,

120 1916 235 1976 myrrae
264 1901 475 1978 pinguissimae
503 1891 543 1985 β
568 1898 659 1980 Vllll,
687 1897 866 1960 cunicularis
894 1897 1004 1958 herbae
1033 1897 1133 1957 aridae

120 2004 211 2064 super
225 1988 365 2047 mundam
380 1987 508 2067 tegulam
524 1987 696 2049 combustae
711 1989 820 2048 cineris
835 1988 1026 2047 semunciam.
1052 1985 1132 2047 Haec
1147 2004 1175 2044 ao

120 2077 217 2136 omnia
240 2078 271 2135 in
294 2079 501 2137 tenuissimum
526 2077 679 2155 pulverem
701 2077 821 2137 redacta
844 2083 875 2136 et
897 2077 929 2135 in
953 2093 1047 2135 unum
1066 2093 1133 2154 per·

119 2166 210 2225 mixta
234 2172 391 2225 servantur
413 2184 482 2225 vaso
502 2168 596 2226 vitreo
616 2176 646 2225 et
664 2183 718 2244 per
736 2165 870 2225 triduum
890 2163 1023 2224 cocleare
1043 2165 1131 2223 semi-

119 2252 240 2328 plenum
262 2255 363 2312 ieiuno
388 2260 418 2312 ct
436 2253 512 2313 bene
531 2253 646 2331 digesto
666 2255 743 2313 intra
762 2271 795 2312 os
815 2254 967 2331 inseritur,
991 2259 1025 2311 ut
1045 2269 1132 2311 uvam

65 2349 101 2399 58
120 2343 271 2417 contingat
295 2347 325 2399 ct
346 2339 458 2400 inlinat.
498 2340 669 2401 Gausticum
692 2340 728 2400 ad
752 2359 838 2400 uvam
856 2343 977 2420 penitus
996 2342 1131 2400 minuen-

119 2427 186 2486 dam
209 2427 256 2486 vel
279 2428 509 2488 consumendam
534 2430 589 2489 sic:
622 2427 756 2489 Feniculi
778 2425 859 2507 drag.
883 2429 909 2509 1,
935 2427 1024 2489 calcis
1047 2430 1130 2488 vivae
1145 2445 1172 2486 ao

119 2512 199 2593 drag.
218 2515 240 2595 1,
264 2515 400 2574 afronitri
423 2513 502 2596 drag.
522 2515 565 2596 ll.,
589 2515 756 2577 chalcantbi
779 2514 859 2597 drag.
877 2518 916 2596 ll,
940 2519 972 2578 iu
995 2513 1076 2594 drag.
1095 2516 1130 2576 11.

119 2602 248 2664 Contosa
272 2603 344 2664 haec
372 2612 402 2664 ct
429 2606 461 2663 in
484 2603 636 2683 pulverem
659 2605 778 2666 redacta
802 2609 948 2684 permisce
972 2613 1002 2666 et
1025 2604 1131 2682 subige

119 2711 186 2754 cum
211 2695 311 2754 cinere
335 2691 416 2752 lixivi
437 2692 557 2754 frcrdnei
575 2702 606 2754 et
624 2696 732 2773 inpone
753 2696 873 2775 siccum,
896 2698 937 2755 ita
958 2701 991 2754 ut
1009 2694 1132 2754 haereat

63 2792 99 2842 59
118 2799 192 2842 uvae
220 2780 266 2841 vel
293 2781 438 2843 faucibus.
484 2782 592 2844 Rauola
621 2791 651 2844 et
677 2783 830 2862 gravedini
857 2785 938 2844 vocis
967 2782 1131 2861 plurimum

118 2870 240 2948 prodest
258 2871 492 2953 tragacantlrum‚
513 2874 538 2932 si
557 2872 612 2933 sub
631 2872 730 2953 lingua
745 2873 796 2933 diu
816 2880 960 2952 tencatur,
980 2881 1031 2932 aut
1045 2873 1131 2951 piper
1145 2888 1172 2928 oo

63 2970 99 3020 60
119 2966 149 3019 et
167 2958 307 3039 paulatim
327 2959 424 3038 saliva,
448 2979 524 3041 quae
544 2960 665 3023 collecta
687 2963 786 3042 fuerit,
810 2961 975 3022 sorbeatur.
1011 2959 1131 3020 llaucus

118 3050 143 3108 si
167 3067 220 3108 ova
243 3050 359 3109 incocta
382 3053 514 3110 recentia
538 3050 653 3129 singula
674 3069 729 3130 per
752 3050 885 3110 triduum
912 3051 1032 3109 ieiunus
1057 3048 1130 3109 bau-

190 3217 278 3290 lsic]
298 3219 329 3274 si.
420 3219 599 3288 4pracdum.
680 3218 869 3274 lhumorem.
960 3218 1130 3274 sartoriam

116 3287 284 3357 impeditam
304 3290 462 3344 Carnarius.
537 3295 569 3344 10
588 3288 785 3359 scynnanihos.
859 3295 892 3344 15
911 3290 1044 3346 arteriam
1064 3306 1130 3344 con·

117 3358 245 3413 siriciam
261 3359 420 3414 (fornerius.
477 3357 621 3414 confricta.
677 3365 712 3414 20
727 3361 898 3416 combustae.
954 3368 987 3416 26
1006 3360 1131 3416 afroniti.

116 3428 146 3482 in
166 3433 210 3496 (=
230 3427 286 3496 fori)
304 3431 419 3499 scripsi:
437 3429 503 3486 ioni.
577 3437 611 3486 27
630 3431 742 3503 subige]
761 3432 811 3485 sub
830 3431 904 3501 igne.
977 3437 1011 3487 29
1031 3449 1130 3502 grave·

112 3497 186 3552 dine,
261 3505 297 3554 30
315 3501 485 3570 iraganium.
557 3502 677 3558 tenebor.
