2438 3802
480 147 721 213 -137—

93 329 184 391 grana
202 327 329 370 numero
348 307 411 390 XX,
430 308 630 389 glycyrrhizae
649 311 715 370 suci
733 307 760 368 Χ
778 307 827 390 Ill,
846 310 1023 370 cariotarum
1043 311 1107 389 pin-

93 402 197 480 guium
225 400 291 459 suci
319 401 464 477 exemptis
492 399 654 458 interaneis
682 396 775 457 IIIII.
817 396 935 458 Gummi
959 407 989 458 et
1011 406 1107 477 traga-

94 488 235 550 canthum
263 489 294 547 iu
322 504 398 566 aqua
425 485 520 546 mulsa
548 494 730 565 maceratur,
757 485 863 546 deinde
887 493 1015 565 utraque
1038 488 1108 546 trita

94 578 203 638 ceteris
226 575 303 636 bene
327 576 407 635 tritis
431 583 461 636 et
483 575 618 654 levIgatis
641 575 852 654 admiscentur,
877 583 945 653 post
967 574 1024 635 hoc
1048 574 1108 651 glo·

69 665 161 728 ebuli
187 664 341 744 finguntur
368 663 404 724 ad
434 663 517 724 labae
544 664 791 744 magnitudinem,
819 680 895 742 quos
924 662 979 723 sub
1008 663 1108 741 lingua

98 754 195 813 teneri
217 760 334 832 oportet
362 760 392 813 et
420 752 498 831 quod
528 752 565 812 de
588 753 636 813 his
660 751 852 831 liquefactum
876 751 979 832 luerit,
1008 754 1108 812 statim

99 841 242 901 devorari.
277 839 356 901 Ilaec
380 843 545 945 coppositio
570 841 641 901 facit
663 842 699 901 ad
723 842 821 901 omnia
843 843 970 901 arteriae
988 841 1059 901 vitia
1078 850 1108 902 et

98 929 228 990 thoracis
251 930 337 990 etad
361 931 442 990 vocis
465 931 721 1008 Interceptiouem.

188 1017 380 1098 Compositio,
404 1036 479 1096 quae
502 1018 613 1078 dicitur
636 1019 804 1098 stomatice,
828 1018 899 1079 iacit
920 1018 957 1078 ad
980 1017 1108 1078 tossillas
1126 1029 1161 1081 47

55 1129 82 1169 ιο
97 1115 127 1168 et
145 1125 216 1167 uvas
236 1116 386 1168 tumentes
405 1115 435 1167 et
453 1106 490 1167 ad
505 1106 627 1167 vnlnera
641 1114 671 1166 et
685 1106 807 1167 ulcera
799 1124 831 1166 iu
845 1106 987 1167 auriculis
1001 1116 1109 1186 vetera,

96 1205 218 1275 excepta
237 1214 273 1255 ex
292 1194 377 1255 libris
395 1194 556 1256 Ptolomaei
577 1197 666 1275 regis,
690 1198 742 1274 qui
760 1194 924 1273 Euergetes
944 1194 1109 1274 appellatus

96 1291 155 1365 est,
182 1285 291 1362 accipit
319 1283 406 1344 haec:
443 1283 514 1345 Suci
542 1303 579 1344 ex
607 1286 700 1344 moris
728 1284 798 1343 lacti
825 1292 855 1343 et
881 1284 913 1343 iu
942 1281 1004 1342 sole
1031 1285 1109 1343 cocti

96 1371 127 1433 U
151 1391 245 1433 uuum
268 1374 367 1452 semis,
390 1371 590 1452 glycyrrhizac
613 1374 679 1432 suci
701 1371 727 1431 II
746 1370 782 1450 ll,
804 1372 927 1431 corticis
945 1370 1014 1450 lycii
1032 1370 1059 1430 II
1079 1371 1108 1451 S,

96 1479 211 1541 myrrae
235 1460 442 1540 troglodytidis
464 1460 490 1521 II
509 1461 535 1540 I,
563 1460 700 1522 aluminis
723 1461 786 1520 lissi
810 1458 881 1538 III,
907 1460 993 1520 nardi
1015 1458 1109 1520 Indici

55 1549 122 1612 nx
149 1550 183 1630 S,
215 1549 312 1610 mellis
341 1551 430 1610 Attici
456 1549 578 1629 cyathos
606 1549 674 1630 IIII,
704 1551 763 1609 viui
790 1548 892 1609 malini
920 1548 1058 1628 cyathum
1087 1547 1108 1610 l.

97 1638 178 1709 Qtrae
202 1638 284 1698 arida
307 1646 386 1718 sunt,
410 1657 546 1699 seorsum
569 1647 710 1700 teruntur
733 1648 763 1699 et
785 1639 817 1697 in
841 1656 934 1698 unum
953 1655 1022 1698 cum
1041 1639 1109 1697 vino

96 1734 310 1806 temperantur,
336 1726 444 1787 deiude
466 1745 587 1807 passum
610 1728 657 1788 bis
681 1727 861 1787 admiscetur
884 1733 915 1786 et
938 1735 1110 1803 coquuntur

96 1819 193 1877 omnia
213 1816 243 1875 ia
263 1817 363 1875 cluere
383 1815 487 1897 calido,
506 1816 601 1876 donec
616 1815 711 1876 mellis
730 1814 954 1894 spissitudinem
973 1813 1109 1875 habeant.

96 1904 161 1965 Non
184 1913 302 1982 oportet
325 1913 424 1964 autem
447 1905 584 1982 ignorare
613 1903 702 1964 utiles
729 1921 796 1963 esse
825 1905 964 1963 arteriam
987 1901 1109 1963 inbeciI-

54 2011 83 2051 ao
97 1993 154 2054 lam
173 1992 352 2053 habentibus
372 1994 562 2073 gestationes,
581 1990 842 2071 deambulationes,
862 1994 997 2069 corporis
1017 1994 1109 2051 vocis-

97 2101 155 2161 que
175 2083 412 2161 exercitationes,
435 2083 584 2141 contraria
607 2089 706 2141 autem
729 2079 833 2140 balnea
854 2088 885 2140 et
903 2081 1009 2159 omnia,
1033 2097 1109 2158 qrrae

98 2171 236 2230 videntur
260 2179 348 2248 caput
370 2169 485 2249 Inplere
508 2169 554 2229 vel
578 2187 698 2230 umores
722 2170 860 2229 excitare.
897 2167 974 2228 Uvae
999 2176 1029 2228 et
1047 2168 1109 2227 lau·
1128 2178 1163 2228 48

98 2261 176 2320 cium
201 2258 296 2318 dolori
315 2259 403 2319 fimus
422 2277 575 2340 agnorum,
593 2260 767 2338 priusquam
786 2255 910 2317 herbam
931 2264 1060 2337 gustent,
1078 2258 1109 2316 in

98 2347 204 2408 umbra
232 2347 380 2408 arefactus
411 2356 441 2408 et
468 2348 633 2409 contrictus
661 2354 750 2427 atque
778 2345 932 2425 emplastri
955 2363 1037 2406 more
1061 2345 1110 2405 ad·

55 2453 83 2495 as
97 2438 214 2516 positus
236 2436 381 2496 medetur.
424 2436 502 2497 Suco
526 2436 643 2498 cocleae
667 2454 721 2497 acu
745 2436 925 2495 transfossae
949 2434 1031 2495 inlita
1055 2453 1110 2495 uva
1129 2445 1164 2494 49

98 2532 233 2604 sanatur,
263 2527 302 2584 ita
332 2534 366 2585 ut
392 2527 456 2604 ipsa
485 2525 576 2586 coclia
605 2529 635 2586 iu
664 2527 746 2586 fumo
775 2533 876 2603 postea
901 2524 1110 2603 suspendatur.

97 2613 176 2674 Uvae
200 2613 403 2694 destillationi,
426 2633 502 2693 quae
526 2614 664 2675 omnibus
687 2615 749 2674 lere
772 2612 939 2692 periculosa
963 2620 1017 2694 est,
1042 2630 1111 2672 narn
1129 2622 1165 2671 50

99 2711 129 2763 et
151 2702 264 2781 pthisin
288 2711 319 2762 et
344 2706 480 2782 syntexin
504 2711 534 2764 et
556 2703 628 2763 alias
651 2702 790 2763 molestas
814 2701 998 2761 valetudines
1021 2711 1111 2780 creat,

97 2799 224 2870 prosunt
252 2793 335 2870 porri
362 2793 466 2852 sectivi
494 2791 561 2850 lolia
590 2809 650 2851 non
678 2799 762 2850 cocta
790 2791 854 2849 sine
882 2806 958 2866 pane
987 2787 1111 2849 adsidue

56 2896 85 2937 ao
99 2880 284 2940 manducata.
322 2878 427 2939 Oleum
451 2877 580 2938 calidum
603 2879 640 2957 el,
663 2879 715 2955 qui
738 2877 775 2937 de
799 2895 854 2937 uva
878 2884 908 2935 et
931 2877 1049 2935 arteriis
1072 2876 1111 2935 la·
1130 2886 1164 2935 51

97 2966 196 3048 horat,
224 2970 308 3028 eunti
335 2967 496 3027 dormitum
524 2967 555 3026 in
584 2963 742 3025 cerebrum
771 2973 801 3023 et
828 2967 858 3023 in
882 2981 971 3023 aures
994 2963 1111 3024 infundi

97 3056 172 3117 utile
195 3064 249 3118 est.
287 3055 376 3116 Uvam
400 3062 463 3116 toto
488 3072 564 3115 anno
588 3070 647 3112 non
672 3051 792 3131 dolebit,
816 3053 868 3130 qui
891 3068 960 3111 cnm
982 3053 1112 3128 primum
1131 3061 1165 3112 ta

97 3140 187 3206 uvam
207 3146 315 3205 viderit
337 3143 557 3224 procedentem,
581 3143 702 3202 sinistra
725 3159 814 3200 manu
834 3139 925 3218 digito
944 3139 1113 3200 medicinali

172 3295 372 3367 iglucerizae.
446 3295 611 3365 iglobolis.
682 3291 955 3349 Sinteroesaiouem
1021 3293 1112 3346 aste>-

97 3369 253 3424 machicae.
355 3373 387 3422 18
407 3367 504 3438 semia]
524 3366 645 3423 seminis.
749 3363 913 3434 glyceriaae.
1013 3363 1111 3434 lyciae

100 3447 133 3495 14
147 3437 322 3494 troclodidis.
365 3444 398 3494 15
413 3437 528 3494 ciathos
572 3437 671 3493 malini
684 3438 798 3506 scripsi:
812 3436 905 3492 malci.
952 3439 985 3490 18
999 3435 1115 3491 habeat

98 3516 133 3566 19
152 3509 317 3564 iuhicillam.
390 3515 423 3564 28
442 3508 537 3579 tpisin.
