2438 3802
513 149 732 213 „29..

112 323 142 376 et
165 315 276 374 irinum
299 311 398 372 oleum
421 320 505 372 aceto
530 312 700 393 decoctum,
729 314 799 372 item
824 330 908 372 rosae
932 313 1031 373 aridae
1055 313 1124 374 lolia

111 409 258 464 macerata
286 403 370 479 prius
393 419 493 480 passo,
521 400 627 461 deinde
651 408 734 461 cocta
757 408 846 480 atque
869 403 939 461 trita
963 410 992 462 et
1015 404 1056 462 ita
1079 404 1123 463 in·

111 493 207 571 posita
239 490 328 550 simili
359 489 446 549 modo
474 498 601 567 prosunt
627 498 657 550 et
680 489 791 550 sertula
819 508 959 569 campana
988 491 1124 551 similiter

112 581 189 641 lacta
222 579 343 658 prodest
375 576 422 637 vel
453 580 543 657 myrti
571 577 639 638 lolia
666 587 769 639 tenera
798 596 834 639 ex
862 581 929 639 vino
958 580 1027 639 trita
1056 597 1124 639 cum

82 687 208 749 smyrra
233 676 262 728 et
285 666 416 746 puleium
436 685 473 726 er
496 668 564 726 vino
589 669 691 728 tritum
715 675 745 728 et
768 666 843 727 mala
867 667 996 747 cydonea
1021 669 1123 728 ovino

112 766 195 818 cocta
228 766 258 817 et
289 757 359 817 trita
392 763 479 833 atque
512 757 640 833 inposita
673 757 762 834 capiti
795 755 957 835 plurimum
988 763 1123 836 prosunt.

111 845 359 906 Medicamentum
387 843 466 922 quod
494 843 639 922 repellere
666 847 762 922 possit
790 863 837 925 ea,
867 863 941 923 quae
969 845 1004 905 ad
1035 853 1124 923 caput
1144 851 1177 900 16

112 934 355 995 redundaverint:
388 932 522 992 Castorei
545 934 692 993 victoriati
715 935 834 994 tertiam
857 942 985 1013 partem,
1014 934 1122 1013 sphon-

113 1023 182 1102 dylii
201 1023 227 1082 ll
245 1022 266 1102 l,
291 1023 376 1083 nucis
400 1039 515 1081 amarae
539 1020 619 1102 XX,
642 1029 727 1082 rutae
751 1021 820 1082 solia
841 1021 867 1081 x
885 1022 920 1102 ll,
945 1022 992 1082 sili
1015 1022 1122 1083 Massa·

71 1135 98 1174 ιο
112 1111 204 1172 liutici
232 1110 315 1171 llll.
362 1110 436 1170 Cum
466 1119 549 1170 aceto
577 1113 662 1188 prius
689 1110 762 1170 haec
789 1119 929 1172 teruntur
957 1110 1123 1190 diligenter,

112 1200 218 1260 deinde
238 1218 322 1260 rosae
342 1198 550 1260 admiscentur.
584 1199 627 1258 Ad
647 1199 778 1260 diutinos
797 1201 902 1278 capitis
922 1199 1039 1259 dolores
1055 1199 1123 1259 salis
1145 1197 1176 1246 17

112 1291 221 1367 integri
239 1305 387 1368 mensura,
411 1296 553 1367 quantum
573 1306 679 1347 manus
702 1288 788 1366 plena
813 1288 1055 1366 conprehendere
1074 1306 1124 1367 po·

113 1380 195 1459 terit,
224 1379 363 1456 coquitur
392 1395 428 1436 er
456 1376 519 1436 oleo
549 1376 721 1457 superfuso,
749 1379 789 1436 ita
818 1384 851 1436 ut
880 1384 1002 1454 superet
1025 1376 1124 1456 salem,

113 1466 218 1526 deinde
238 1485 307 1526 cum
326 1467 445 1525 omnino
460 1464 534 1524 nihil
547 1466 709 1525 incurrerit
724 1463 760 1524 de
775 1464 835 1524 sale
850 1483 997 1546 asperum,
1016 1484 1124 1545 perun·

71 1577 98 1617 rs
112 1557 214 1633 guitur
242 1554 478 1633 dolensfoapitis
501 1571 570 1630 pars
593 1553 649 1614 hoc
673 1553 737 1614 oleo
761 1572 910 1633 superque
934 1553 998 1614 lana
1022 1553 1125 1615 sucida

113 1644 217 1705 eodem
241 1643 305 1703 oleo
329 1645 421 1703 tincta
444 1643 605 1720 inponitur.
652 1642 787 1703 Sertulae
816 1661 973 1722 campanae
997 1660 1124 1702 coronae
1146 1645 1178 1696 18

114 1735 245 1811 quinque
270 1750 306 1792 ex
329 1749 415 1810 passo
435 1738 465 1791 et
483 1749 558 1810 aqua
578 1732 683 1810 frigida
702 1734 768 1810 pari
786 1750 926 1792 mensura
944 1738 1124 1811 coquuntur,

113 1821 207 1881 donec
226 1820 460 1900 permadesoant,
479 1829 543 1880 tum
562 1828 701 1881 teruntur
716 1821 955 1900 admisceturque
970 1821 1031 1898 opii
1045 1819 1123 1899 quod

113 1912 185 1969 satis
209 1911 256 1989 sit,
282 1908 325 1968 vel
348 1911 502 1986 papaveris
525 1908 654 1988 lacrima,
678 1926 753 1986 quae
777 1927 883 1988 sopora
908 1928 923 1968 a
947 1909 1124 1988 quibusdam

73 1997 292 2078 coappellatur,
321 1998 356 2057 ad
386 1997 533 2058 victoriati
560 1996 676 2075 pondus
700 1995 835 2057 adicitur.
872 1996 916 2055 Ex
939 1997 986 2056 his
1008 2014 1125 2074 pannus

114 2095 257 2166 quantum
282 2088 353 2146 satis
377 2094 422 2146 est
444 2085 548 2145 linitur
572 2092 601 2144 et
624 2085 776 2162 utrimque
800 2092 933 2162 tempora
957 2086 1124 2162 tinguntur.

113 2175 158 2235 Ad
177 2177 284 2254 capitis
303 2175 433 2235 dolorem
451 2192 568 2233 omnem
583 2173 745 2233 efficaciter
759 2172 881 2251 prodest
895 2171 1034 2233 bacarum
1049 2171 1126 2232 lauri
1146 2177 1178 2228 19

114 2263 139 2323 ll
154 2267 295 2345 semissis,
311 2265 476 2324 scamoniae
492 2261 550 2343 iil,
566 2264 645 2322 croci
660 2263 807 2322 victoriati
821 2261 944 2340 pondus.
973 2261 1126 2322 'feruntur

114 2352 186 2414 haec
210 2355 320 2433 optime
345 2371 380 2412 ex
404 2360 487 2412 aceto
511 2360 541 2412 et
564 2369 645 2432 rosa3
669 2369 737 2412 cum
760 2369 835 2432 opus
857 2359 911 2434 est,
934 2351 1037 2412 dolens
1055 2369 1125 2430 pars

75 2462 101 2505 rs
116 2444 220 2521 capitis
247 2452 461 2522 perunguetur.
505 2440 568 2501 Hoc
592 2441 840 2502 medicamentum
864 2459 1021 2502 successus
1045 2443 1125 2502 miri-

114 2531 185 2591 ficos
212 2531 310 2592 habet.
354 2529 397 2589 Ad
426 2529 543 2590 dolores
572 2533 677 2608 capitis
705 2549 880 2610 puerorum,
909 2533 1035 2591 maxime
1060 2532 1124 2590 eius
1144 2535 1178 2584 20

115 2623 220 2702 partis,
245 2638 332 2699 qnam
356 2618 477 2697 bregma
501 2618 607 2680 Graeci
630 2620 789 2700 appellant,
817 2619 871 2679 lini
894 2637 995 2680 semen
1018 2621 1124 2680 tritum

116 2727 150 2768 ex
183 2728 257 2788 aqua
289 2711 433 2786 inponere
467 2715 585 2786 oportet
618 2708 662 2768 vel
695 2707 787 2768 olivae
820 2707 888 2768 lolia
920 2719 1022 2770 tenera
1055 2710 1126 2769 trita

117 2815 184 2857 cum
206 2799 273 2857 vino
297 2797 412 2857 adiecto
436 2797 524 2856 viridi
547 2796 611 2855 oleo
631 2795 719 2855 simili
738 2797 824 2856 modo
844 2815 1056 2876 superponere,
1081 2796 1126 2856 vel

79 2904 105 2944 oo
119 2886 191 2963 opii,
213 2893 353 2963 quantum
373 2885 455 2946 labae
476 2885 634 2961 Aegyptiae
652 2883 824 2959 magnitudo
844 2894 897 2962 est,
917 2895 945 2944 et
964 2886 1033 2944 salis
1052 2885 1126 2943 diras

118 2980 217 3050 partes
244 2982 273 3034 et
299 2975 381 3054 pulei
408 2980 522 3052 partem
550 2986 638 3029 tinam
666 2977 764 3028 terere
794 2978 910 3047 oportet
937 2989 1005 3030 cum
1033 2978 1127 3050 aceto,

118 3059 223 3122 deinde
249 3063 365 3124 adicere
389 3067 575 3140 unguentum
598 3075 687 3136 supra
712 3057 856 3135 scriptum
880 3063 909 3116 et
933 3059 975 3117 sic
999 3060 1127 3135 perungi

116 3149 264 3212 dolentem
292 3160 405 3230 partem
435 3151 549 3228 capitis.
593 3146 637 3206 Ad
665 3144 817 3207 ulcuscula
845 3146 875 3204 in
899 3147 994 3224 capite
1019 3144 1126 3206 similia
1145 3152 1178 3201 21

115 3257 311 3300 mammarum
334 3239 479 3320 capitulis,
503 3257 538 3298 ex
563 3235 671 3316 quibus
696 3237 793 3296 sanies
816 3242 926 3315 manat,
950 3234 1014 3295 radi
1037 3243 1127 3313 caput

115 3336 234 3409 oportet
271 3336 301 3389 et
333 3348 368 3390 ex
400 3331 480 3389 nitro
512 3327 615 3407 lavari3
652 3325 784 3387 furfures
817 3343 934 3404 quoque
968 3343 1003 3385 ex
1040 3322 1126 3384 melle

189 3447 334 3501 lacetum.
371 3446 498 3516 opuleio.
535 3444 612 3500 trito.
649 3446 676 3516 e]
688 3447 724 3500 et.
762 3442 949 3515 Sephondilii.
983 3450 1127 3515 14perun·

116 3516 251 3584 guibitur.
312 3523 344 3572 16
362 3519 518 3588 inponetur.
580 3520 612 3570 18
631 3516 862 3588 admixiilurque.
919 3522 956 3572 ‘to
973 3516 1104 3588 pondus.
