2438 3802
506 167 559 202 —·
592 155 658 220 294
703 191 746 199 -

83 342 99 390 9
209 322 252 382 Ad
276 323 372 382 tineas
395 319 543 380 necandas
566 318 732 378 remedium
755 324 927 395 competens
951 318 1011 378 sio:
1036 316 1144 380 Fllicis

118 412 228 473 radicis
251 410 363 491 aridae,
388 410 522 470 nasturci
545 408 666 468 seminis
689 405 715 465 X
739 413 891 485 septenos,
914 406 1070 467 coriandri
1097 425 1145 468 se·

118 502 208 562 minis
236 498 318 579 xv,
345 500 417 558 nitri
444 496 523 557 llll.
564 495 644 556 Haec
671 497 769 555 omnia
796 495 866 554 trita
894 492 1004 554 dantur
1035 497 1144 556 ieiuno

119 609 189 652 cum
211 607 304 668 aquae
328 585 441 647 mulsae
463 585 590 644 hemina.

68 697 100 745 10
208 676 277 736 Mali
299 675 405 736 Punici
428 691 519 733 sucus
543 673 652 734 radicis
675 671 721 733 vel
744 671 883 732 loliorum
903 670 1039 732 eiusdem
1060 689 1169 751 aquas

68 785 100 832 11
120 765 261 826 decoctus
284 765 428 842 potuique
452 779 520 822 cum
544 760 603 822 sale
628 761 714 821 datus
737 763 833 821 tineas
856 768 950 820 necat
987 759 1145 822 Marrubii

120 862 150 914 et
178 851 327 913 absenthii
354 858 385 911 et
412 849 583 928 lupinorum
610 852 693 929 paria
721 848 853 928 pondera
879 851 911 909 in
938 866 1016 928 aqua
1041 849 1144 910 mulsa

120 950 204 1001 cocta
231 942 331 1000 ieiuno
360 939 406 999 bis
435 946 486 1001 aut
513 946 560 999 ter
586 941 672 1019 potui
700 937 767 1000 data
795 938 952 1000 adversum
980 939 1080 998 tineas
1113 947 1165 1014 ct

68 1047 100 1095 12
119 1027 282 1090 lumbricos
310 1028 471 1108 plurimum
498 1036 633 1106 prosunt.
674 1026 781 1088 Farina
811 1027 981 1106 lupinorum
1012 1026 1143 1088 decocta

120 1137 156 1179 ex
184 1135 261 1198 aqua
289 1127 319 1178 et
346 1135 428 1178 more
457 1116 674 1196 cataplasmatis
698 1119 796 1176 ventri
818 1117 946 1194 inposita
969 1114 1142 1177 lumbricos
1157 1136 1179 1174 n

119 1207 165 1268 vel
187 1209 283 1268 tineas
307 1215 402 1268 necat.

68 1315 100 1364 13
209 1296 253 1357 Ad
279 1295 442 1359 lumbricos
471 1304 501 1356 et
527 1296 623 1355 tineas
651 1293 800 1355 eiciendas
829 1293 995 1355 remedium
1026 1301 1142 1372 potens

120 1387 177 1446 sic:
214 1385 298 1466 Ervi,
330 1385 457 1446 filiculae
487 1384 604 1444 radices
631 1391 771 1463 purgatas
801 1382 837 1442 ad
869 1384 972 1443 uncias
1000 1383 1142 1462 singulas

120 1493 256 1535 scorsum
278 1473 387 1535 tondes
410 1473 486 1533 bene
509 1475 541 1532 in
564 1473 622 1551 pila
646 1472 751 1552 lignea,
775 1471 883 1531 deinde
904 1471 1015 1531 adicies
1035 1472 1141 1534 inulae

119 1563 230 1623 radicis
259 1555 398 1649 bviii,
426 1562 601 1621 ammoniaci
628 1562 747 1621 unciam
775 1569 805 1621 et
832 1560 981 1621 coriandri
1009 1564 1141 1624 seminis
1155 1580 1178 1622 15

119 1670 240 1712 manum
262 1651 380 1731 plenam
403 1657 434 1710 et
452 1648 569 1709 eulorbi
587 1647 613 1708 ll
631 1647 679 1707 lll.
716 1647 776 1709 Has
795 1667 897 1709 omnes
916 1651 1034 1728 species
1054 1669 1141 1712 seor-

120 1758 187 1800 sum
211 1748 349 1801 conteres
372 1739 448 1799 bene
468 1756 563 1817 nsque
582 1737 618 1797 ad
637 1755 782 1798 summam
802 1736 951 1799 levitatem
970 1746 1000 1798 et
1019 1740 1048 1798 si
1066 1741 1140 1800 riri-

120 1827 166 1888 dis
190 1829 281 1889 luerit
303 1827 386 1888 radix
405 1827 542 1908 filiculae,
566 1825 683 1905 quando
702 1825 782 1886 illam
801 1825 919 1908 tundes,
942 1844 1049 1887 sucum
1070 1831 1140 1890 eius

120 1919 269 1996 exprimes
292 1925 321 1978 et
343 1919 441 1996 ipsum
463 1914 648 1977 admiscebis.
682 1913 785 1976 Facies
803 1914 910 1994 pilulas
929 1917 1139 1994 magnitudine

120 2023 162 2085 ea,
187 2024 245 2083 qua
267 2024 323 2066 ano
346 2007 419 2066 inici
441 2008 565 2085 possint,
588 2007 727 2083 ipsasque
745 2004 837 2064 factas
856 2003 995 2064 infundes
1015 2005 1047 2064 in
1070 2025 1139 2067 cer·
1154 2025 1178 2066 ao

118 2095 216 2154 vesiae
244 2113 336 2155 novae
366 2097 502 2155 sextariis
530 2093 647 2155 duobus
675 2101 705 2153 et
733 2093 828 2154 mellis
856 2091 974 2173 cyatb03
1003 2094 1085 2172 quod
1112 2098 1141 2156 si

119 2184 151 2242 in
179 2200 213 2242 ea
240 2185 393 2260 provincia
422 2183 588 2243 laciendum
617 2182 707 2242 fuerit
731 2182 789 2242 hoc
813 2181 1078 2263 medicamentum,
1106 2186 1140 2244 in

120 2289 179 2348 qua
202 2272 328 2330 cervisia
350 2288 411 2330 non
435 2280 493 2350 est,
518 2289 553 2330 ex
577 2287 653 2348 aqua
676 2269 769 2351 dabis,
792 2273 823 2330 in
850 2289 907 2349 qua
930 2277 1024 2349 myrta
1050 2280 1139 2333 cocta

120 2360 159 2417 sit
181 2358 217 2416 ad
241 2359 386 2417 sextarios
406 2358 489 2438 duos,
513 2367 650 2417 anteum
670 2375 756 2435 sapae
776 2361 885 2420 mixtae
904 2360 1041 2419 sextariis
1062 2360 1139 2421 duo·

119 2443 177 2503 bus
200 2453 288 2522 atque
312 2462 349 2503 ex
373 2463 408 2504 eo
431 2444 611 2522 temperabis
634 2446 786 2522 potionem
808 2457 838 2508 et
857 2447 940 2508 dabis
959 2445 1177 2530 bibendan13m

119 2533 198 2590 intra
220 2531 309 2592 horas
332 2531 385 2591 llll
408 2532 515 2593 deiciat
535 2540 652 2612 oportet
670 2535 848 2596 vermiculos
867 2536 913 2596 rel
931 2537 1040 2617 tineas;
1065 2545 1137 2598 ante

118 2618 252 2680 triduum
281 2638 351 2680 sane
378 2619 496 2681 iubebis
524 2640 593 2682 eum
620 2619 713 2682 cibari
736 2623 793 2683 alio
817 2634 847 2686 et
869 2643 945 2703 pane
968 2642 1023 2702 per
1047 2644 1080 2686 se
1105 2635 1138 2688 et

119 2709 323 2770 tantummodo
347 2728 467 2789 poscam
490 2709 601 2772 bibere.

67 2799 101 2847 14
209 2798 413 2860 lnilationibus
441 2802 651 2861 intestinorum
679 2801 802 2879 prodest
825 2801 872 2862 vel
895 2801 1058 2880 serpullum
1082 2821 1136 2883 po·

120 2894 185 2948 tum
208 2907 244 2949 ex
268 2891 335 2950 vino
358 2891 444 2969 nigro
463 2889 509 2950 rel
528 2891 680 2951 cuminum
699 2889 865 2951 silvaticum
883 2893 988 2951 tritum
1007 2909 1043 2950 ex
1063 2895 1176 2953 vinoso

119 2978 205 3055 nigro
229 2978 275 3039 rel
298 2997 374 3058 aqua
397 2988 465 3058 pota
488 2981 620 3060 apiastri,
644 2979 724 3059 quod
748 2979 853 3040 Graeci
876 2981 992 3040 erotion
1016 2990 1135 3064 vocant,

118 3083 174 3143 per
202 3085 233 3126 se
260 3067 326 3128 data
350 3066 395 3128 vel
419 3087 509 3129 sucus
533 3070 598 3128 eius
621 3070 689 3128 vino
712 3069 824 3128 mixtus
847 3067 893 3128 vel
917 3070 1032 3147 origani
1054 3070 1135 3132 radi-

119 3171 169 3214 ces
199 3163 360 3217 contunsac
393 3156 429 3216 ad
458 3155 483 3215 ll
511 3155 524 3215 l
552 3174 588 3216 ex
615 3158 684 3215 vino
713 3157 796 3217 datae
825 3154 871 3216 vel
898 3165 965 3218 ruta
994 3159 1065 3219 trita
1097 3178 1135 3220 ex

119 3259 212 3320 aquae
241 3244 354 3323 cyathis
381 3243 435 3304 llll
462 3252 532 3322 pota
560 3243 606 3304 vel
634 3244 768 3304 eiusdem
796 3244 919 3306 decocta
945 3245 1029 3306 radix
1062 3266 1134 3309 cnm

209 3383 225 3430 2
244 3378 401 3434 nasciturci.
485 3385 500 3432 6
520 3379 603 3434 dciur
619 3382 723 3434 teneas.
805 3381 950 3436 marsupii.
1032 3387 1048 3435 9
1066 3398 1133 3451 pro-

119 3447 195 3517 sunt]
215 3449 336 3516 prodest.
416 3455 448 3503 13
468 3447 625 3503 illiciculee.
704 3454 737 3503 15
756 3448 874 3504 radices.
953 3457 986 3506 18
1005 3453 1134 3527 quando]

117 3518 265 3581 quomodo.
340 3523 375 3574 20
394 3519 536 3576 cervesioe
554 3535 636 3575 nova.
709 3527 743 3574 23
763 3519 883 3576 cervisia
901 3523 926 3577 b.
946 3523 963 3577 l.
982 3524 1030 3578 sic.

187 3672 218 3693 Ι
