2438 3802
508 98 746 164 -252—

122 265 232 326 calidae
256 263 370 345 cyathis
394 263 518 324 totidem
537 270 658 341 epotum
680 263 805 322 maxime
825 261 947 340 prodest
966 259 1140 321 lumborum

67 365 102 416 35
122 355 225 415 dolori.
254 354 306 414 Fel
324 362 422 437 terrae
441 353 546 412 tritum
566 369 601 411 ex
620 352 823 411 vetustissimo
842 351 910 409 vino
929 348 1038 410 bibere
1059 349 1141 410 dabis

121 447 221 505 ieiuno
250 461 340 522 supra
368 442 459 502 limen
488 441 578 500 stanti
605 458 665 500 uno
694 440 784 518 pede,
812 441 864 518 qui
887 457 992 499 coxam
1016 438 1141 518 dolebit,

122 533 175 594 sed
199 551 258 593 non
282 533 412 603 invitro
436 529 512 589 banc
536 529 687 607 potionem
709 527 799 588 bibat.

68 633 102 682 36
210 620 354 680 Praesens
382 616 547 677 remedium
576 615 612 676 ad
641 635 730 677 coxae
759 615 891 676 dolorem
920 616 980 676 sic:
1012 615 1163 676 Artemi-s

123 712 195 769 siam
223 705 335 767 aridam
364 705 486 785 tundes,
519 704 665 766 cribrabis
700 713 730 766 et
762 723 797 765 ex
825 706 893 764 vino
922 702 1006 764 dabis
1036 703 1142 765 bibere

69 809 102 858 at
122 799 238 874 ieiuno,
261 797 402 855 continuo
427 793 633 854 emendabitur
655 796 769 854 vitium.
810 792 926 853 Herbae
948 792 1090 872 pteridis,
1113 792 1141 853 id

123 893 169 944 est
196 882 337 962 filiculae,
365 901 440 962 quae
468 885 540 943 ratis
569 882 680 943 Gallice
707 883 817 943 dicitur
845 899 980 960 quaeque
1011 883 1045 941 in
1077 883 1142 960 fago

124 990 211 1052 saepe
240 973 386 1052 nascitur,
416 972 532 1032 radices
559 979 664 1031 tunsae
693 973 722 1030 in
752 973 873 1050 potione
900 972 1000 1031 ieiuno
1029 970 1143 1031 dantur

125 1080 193 1122 cum
217 1063 285 1121 vino
309 1078 450 1121 coxarum
474 1059 626 1120 doloribus
649 1058 803 1120 laboranti.
1154 1074 1175 1114 to

71 1161 105 1210 38
212 1149 360 1211 Hederam
379 1159 409 1211 et
426 1149 549 1210 herbam
565 1147 703 1208 Sabinam
718 1150 821 1226 aequis
836 1146 1024 1226 portionibus
1039 1149 1143 1209 tritam

127 1258 163 1298 ex
190 1242 259 1300 vino
288 1247 407 1300 austero
431 1237 610 1298 admodum
635 1235 781 1296 avellanae
805 1237 870 1296 dari
894 1237 1015 1296 sciatico
1039 1239 1144 1297 ieiuno

126 1337 244 1406 oportet
263 1346 318 1406 per
336 1328 478 1406 triduum,
498 1326 600 1386 eadem
615 1327 696 1404 potio
711 1327 799 1385 etiam
815 1325 893 1385 aliud
908 1324 1018 1385 malum
1033 1344 1144 1386 coxen-

72 1427 105 1476 39
126 1416 200 1477 diois
229 1425 344 1495 purgat.
386 1415 512 1491 'frixago
540 1413 632 1474 herba
656 1414 813 1474 fervefacta
837 1433 905 1474 cum
930 1431 1005 1491 aqua
1031 1433 1067 1474 ac
1092 1415 1145 1474 tri·

71 1516 106 1564 40
125 1506 183 1566 duo
207 1507 292 1584 potui
315 1505 380 1564 data
405 1505 560 1579 sciatioum
583 1502 708 1562 mirifice
738 1511 829 1563 sanat.
869 1501 1056 1563 Corcodillus
1081 1511 1179 1564 ter-1⁵

127 1611 218 1654 renus
247 1593 390 1670 praecisis
420 1593 543 1650 summis
567 1590 702 1669 partibus
726 1594 894 1670 egestisque
918 1593 1084 1652 interaneis
1109 1610 1145 1652 ex

128 1684 194 1742 iure
218 1689 320 1742 coctus
344 1679 455 1741 cibatui
478 1679 563 1739 datus
587 1697 725 1758 magnum
750 1682 879 1740 sciaticis
905 1687 1037 1759 praestat
1061 1683 1145 1741 auxi-

73 1783 106 1829 41
127 1770 208 1831 lium.
246 1769 348 1830 Fimus
372 1786 504 1848 aprunus
529 1770 595 1828 vino
619 1770 763 1828 remissus
783 1769 947 1848 tepefactus
967 1767 1146 1848 colatusque

130 1869 160 1919 et
184 1859 310 1919 duorum
335 1858 509 1938 cyathorum
532 1875 671 1917 mensura
694 1859 778 1935 potui
801 1857 888 1917 datus
912 1858 1042 1917 sciaticis
1066 1857 1146 1918 salu·

75 1959 110 2006 42
130 1946 260 2007 berrime
284 1948 428 2008 medetur.
466 1945 601 2026 Rumam,
625 1963 682 2024 qua
702 1945 793 2024 pelles
812 1946 995 2024 inficiuntur,
1020 1946 1183 2007 cottidiano

58 2048 107 2097 43
127 2035 231 2096 bibere
250 2037 380 2096 sciaticis
400 2035 472 2096 utile
492 2044 538 2095 est
557 2037 636 2098 etin
656 2033 760 2094 balneo
780 2034 907 2094 ferventi
925 2033 1024 2094 lavari.
1055 2033 1146 2095 Geni·

129 2132 191 2185 stae
211 2126 287 2184 rami
305 2124 441 2202 plurimis
460 2123 565 2184 diebus
584 2126 615 2182 in
634 2131 717 2184 aceto
731 2133 929 2202 macerantur,
949 2122 1056 2182 deinde
1074 2131 1146 2184 tun·

127 2213 240 2273 duntur
264 2220 294 2271 et
317 2215 534 2291 exprimuntur,
558 2230 594 2270 ex
618 2230 653 2272 eo
673 2229 744 2272 suco
765 2211 888 2290 cyathus
907 2228 985 2271 unus
1004 2210 1041 2270 ad
1063 2210 1144 2271 diem

129 2303 265 2379 sciatico,
283 2317 437 2377 quousque
462 2307 592 2379 sanetur,
616 2301 749 2360 offertur.

75 2398 110 2446 44
218 2386 336 2445 Fimum
360 2385 505 2447 bubulum
529 2387 705 2467 ferventem,
734 2405 822 2466 quem
847 2389 877 2447 in
901 2389 1003 2447 cinere
1026 2387 1148 2450 ardenti
1159 2402 1185 2444 ss

131 2473 312 2559 calefeceris,
336 2492 476 2534 coxarum
500 2474 595 2535 dolori
617 2479 760 2555 inponito‚
784 2475 946 2553 plurimum
969 2477 1103 2554 prodest.

75 2574 109 2624 45
218 2561 334 2622 Vermis
357 2572 497 2623 terrenus
518 2563 667 2625 exfoditur
686 2573 717 2624 et
735 2566 765 2623 in
785 2564 881 2642 ligneo
901 2582 992 2624 cauco
1011 2567 1146 2645 ponitur,

129 2653 153 2711 si
178 2652 243 2711 fieri
262 2659 361 2730 potest
380 2653 450 2712 fisso
470 2661 500 2713 et
518 2653 597 2713 ferro
617 2653 743 2733 alligato,
766 2662 838 2714 tunc
858 2671 932 2730 aqua
951 2653 1147 2732 perfunditur

129 2758 295 2819 rursusque
319 2742 424 2802 eodem
446 2742 521 2822 loco,
545 2742 623 2803 trnde
647 2743 779 2822 prolatus
803 2752 857 2821 est,
877 2742 1041 2822 defoditur3
1068 2761 1146 2821 aqua

129 2848 209 2912 vero,
232 2833 263 2890 in
288 2849 345 2909 qua
369 2831 482 2892 dilutus
506 2840 560 2911 est,
583 2834 614 2892 in
639 2833 740 2893 eodem
765 2831 873 2912 poculo
896 2830 1008 2891 bibitur
1033 2849 1048 2889 a
1069 2833 1143 2892 scia·
1158 2847 1184 2888 so

23 2918 25 2922 ’
128 2922 188 2981 tioo
212 2919 249 2979 ob
273 2922 388 2999 insigne
412 2921 585 2982 remedium.

75 3021 110 3069 46
218 3009 262 3069 Ad
290 3013 420 3070 nesciam
453 3011 618 3070 remedium
648 3013 704 3070 sic:
736 3008 835 3070 Herba
863 3007 1040 3087 pentafyllos
1061 3007 1145 3068 foliis

130 3098 280 3176 fragorum
308 3099 456 3158 simillima
483 3098 560 3158 lovis
588 3099 636 3158 die
665 3097 786 3158 collecta
820 3105 849 3158 et
877 3115 945 3158 oum
975 3099 1043 3156 vino
1072 3098 1144 3158 trita

219 3250 314 3320 3qui]
336 3267 391 3318 quo
454 3249 582 3319 tbibat]
598 3248 690 3303 dabat.
747 3251 963 3305 barfemesiam.
1014 3250 1143 3319 thepte·

130 3319 206 3373 ridis.
272 3320 462 3374 8filiciculae.
528 3325 560 3373 ta
579 3318 692 3388 oportit.
758 3326 790 3374 19
810 3324 954 3389 oyatorum
974 3337 1142 3375 mensuram.

131 3396 165 3444 20
183 3391 300 3444 tobiam.
373 3396 408 3443 24
427 3389 557 3445 secatioo.
629 3389 803 3445 etcinerem
825 3392 948 3447 ardente.
1021 3398 1057 3447 30
1076 3407 1143 3446 vero

129 3461 159 3514 in
177 3477 233 3528 qua
250 3476 301 3515 om.
373 3461 402 3512 in
421 3477 472 3514 om.
545 3459 674 3516 sceatico.
