2438 3802
507 159 748 224 -156-

89 334 106 383 8
213 321 469 404 Medicamentum,
493 321 572 401 quod
595 339 650 402 per
673 321 844 383 cocliarium
868 321 1035 401 devoratur,
1059 319 1137 381 bene

91 408 92 411 ’
124 411 195 471 facit
218 411 254 470 ad
278 420 392 471 tussem
412 410 524 470 aridam
543 418 573 470 et
593 428 653 490 eos,
673 412 723 489 qui
742 409 902 470 dilhculter
921 409 1068 488 glutinosa
1087 427 1137 469 ex-

125 507 229 560 creant
248 507 278 559 et
291 499 457 578 praefocari
470 498 610 560 videntur
623 499 788 579 interdum3
807 498 857 558 sed
875 500 1034 576 praecipue
1048 497 1137 576 prod·

125 596 171 648 est
184 588 241 668 his,
260 590 313 667 qui
331 587 463 648 dolorem
482 587 584 648 lateris
599 605 667 648 cum
682 586 765 647 febre
780 589 922 666 sentiunt,
942 603 1016 665 quos
1031 585 1138 646 Graeci

123 677 297 756 pleuriticos
325 675 442 757 dicunt;
469 675 576 737 liberat
599 677 679 736 enim
705 678 786 736 omni
808 675 941 754 periculo
965 691 1025 735 eos.
1071 673 1165 735 Hocs

125 765 374 825 medicamentum
406 763 512 844 Apulei
544 764 623 824 Celsi
656 764 712 825 luit
745 772 775 824 et
806 765 1009 843 praeceptoris
1041 765 1138 824 nostri

124 853 255 913 Valentis
278 871 333 913 nec
356 871 498 932 nmquam
520 852 574 913 nlli
596 855 680 913 vivus
698 854 942 931 compositionem
963 853 1027 912 eius
1046 851 1138 932 dedit,

125 943 194 1020 quia
222 941 456 1019 magnitudinem
484 943 632 1021 opinionis
660 959 696 1001 ex
727 959 761 1001 ea
788 948 932 1022 traxerat,
964 948 1010 1000 est
1037 948 1137 1001 autem

124 1029 211 1090 haec:
234 1029 328 1090 Mellis
352 1031 442 1090 Attici
464 1029 579 1111 libram,
602 1031 714 1108 piperis
738 1032 815 1108 nigri
834 1029 860 1088 ll
878 1029 913 1109 ll,
938 1047 1053 1108 myrrae
1072 1037 1136 1089 tro-

124 1119 290 1198 glodytidos
313 1127 343 1178 et
362 1121 457 1179 casiae
477 1118 503 1179 ll
522 1118 664 1198 singulos,
688 1118 824 1196 stachyos
843 1119 929 1178 nardi
948 1117 973 1177 ll
992 1118 1014 1198 l,
1037 1119 1136 1178 cinna·
1152 1132 1178 1171 xo

125 1209 216 1267 momi
243 1205 451 1267 hemiobolum.
498 1206 583 1278 Quod
612 1209 639 1267 si
662 1225 721 1267 non
743 1206 884 1267 habueris
908 1208 1137 1287 cinnamomum,

124 1296 274 1374 duplicem
301 1297 410 1355 casiam
438 1297 561 1376 coicies3
588 1298 674 1374 piper
701 1296 894 1356 contunditur
922 1295 1079 1373 diligenter
1107 1303 1138 1355 et

125 1385 287 1464 cribratur,
310 1402 409 1462 myrra
433 1386 541 1446 teritur
564 1385 706 1444 mortario
729 1402 911 1463 marmoreo,
929 1393 1032 1462 postea
1055 1391 1136 1444 utra·

125 1492 182 1552 que
206 1475 238 1533 in
260 1491 354 1533 unum
376 1474 555 1553 miscentur,
582 1472 689 1534 deinde
716 1472 812 1532 mellis
840 1474 943 1551 optimi
961 1473 1138 1550 ‘despumati

124 1563 253 1622 adicitur
277 1568 420 1638 quantum
444 1561 581 1640 sulliciat,
608 1569 643 1621 nt
666 1563 705 1620 sit
722 1560 993 1640 pseudoliquidum.
1022 1560 1178 1621 llantur1⁵

124 1650 193 1711 inde
222 1651 343 1710 tussicis
371 1648 509 1709 cocliaria
537 1651 627 1726 quina
654 1648 700 1709 vel
733 1666 817 1728 sena,
849 1649 1016 1728 pleuriticis
1048 1652 1137 1710 etiam

123 1739 210 1818 plura
234 1745 263 1798 et
286 1738 414 1818 saepius,
438 1736 490 1797 sed
508 1736 673 1817 intervallo,
695 1737 753 1797 hoc
777 1746 905 1821 estnon
930 1738 1018 1798 simul
1039 1741 1137 1799 omnia
1174 1812 1177 1818 A

124 1829 189 1888 dari
216 1833 335 1906 oportet
362 1833 393 1886 et
415 1833 479 1885 tum
502 1828 638 1906 maxime,
662 1843 729 1886 cum
758 1828 891 1887 tussiunt
918 1834 948 1887 et
971 1827 1138 1905 praefocari

124 1917 263 1976 videntur
286 1913 506 1994 difficulterque
529 1917 644 1995 spirant
671 1902 732 1975 'sive
756 1917 844 1975 etiam
868 1935 927 1976 non
951 1917 1084 1977 tussiunt
1107 1924 1138 1976 et

123 2004 229 2083 llegma
256 2004 314 2064 illis
343 2005 469 2065 interius
497 2007 649 2085 coquitur,
677 2004 742 2064 dari
764 2003 866 2084 debet,
894 2007 1032 2082 protinus
1055 2006 1136 2064 enim
1151 2017 1177 2058 ao

124 2101 272 2173 excreant,
291 2113 367 2172 quae
382 2093 510 2173 obstant,
529 2101 559 2154 et
577 2095 735 2154 transitum
755 2095 879 2171 spiritus
897 2092 1008 2154 habent
1026 2102 1056 2154 et
1075 2101 1137 2154 tus·

124 2185 183 2242 sire
207 2183 357 2244 desinunt.

88 2277 103 2324 9
212 2270 346 2331 Alterum
369 2269 618 2330 medicamentum
642 2269 678 2330 ad
702 2277 814 2330 tussem
839 2270 951 2330 aridam
979 2270 1138 2330 conficitur

124 2360 182 2418 sic:
204 2354 346 2418 Nasturci
368 2359 489 2417 animati
512 2359 634 2418 seminis
660 2359 787 2438 unciam,
811 2357 912 2419 alterci
937 2360 1059 2418 seminis
1082 2377 1137 2419 un-

124 2448 212 2525 ciam,
240 2448 290 2524 opi
313 2444 383 2525 lll,
412 2462 527 2524 myrrae
558 2447 753 2525 semunciam,
782 2445 904 2507 sulluris
933 2449 990 2507 vivi
1018 2465 1136 2508 semun·
1150 2458 1178 2499 νδ

124 2535 213 2612 ciam,
240 2535 354 2612 piperis
381 2532 440 2592 albi
467 2535 594 2593 unciam.
639 2532 724 2593 Melle
753 2533 902 2612 colligitur
929 2535 986 2596 hoc
1009 2536 1136 2596 medica·

123 2629 270 2701 mentum,
299 2621 386 2681 datur
410 2619 493 2681 labae
516 2622 711 2701 Aegyptiacae
736 2623 939 2701 magnitudine
963 2643 999 2684 ex
1022 2623 1134 2703 cyathis

123 2728 216 2788 aquae
239 2709 350 2771 calidae
373 2708 471 2770 tribus
493 2713 525 2770 in
548 2717 675 2771 noctem.
711 2708 796 2772 Facit
816 2720 915 2772 autem
934 2712 991 2772 hoc
1009 2711 1133 2774 medica-

122 2807 257 2860 mentum
280 2800 368 2860 etad
392 2797 494 2860 lateris
518 2797 651 2860 dolorem
674 2807 704 2860 et
727 2799 763 2860 ad
785 2801 930 2862 stomachi
952 2801 1135 2862 inflationem

122 2889 375 2969 gravidinemque,
398 2887 535 2949 coeliacis
559 2907 691 2972 quoque,
715 2890 767 2968 qui
790 2889 888 2952 subito
912 2891 1050 2950 universa
1074 2889 1133 2950 dei·
1149 2903 1178 2943 ³0

123 2980 215 3060 ciunt,
242 2979 366 3057 prodest
393 2986 423 3038 et
446 2977 556 3039 dolenti
590 2979 812 3058 superpositum
843 2978 890 3039 vel
918 2978 1135 3040 circumdatum

123 3067 205 3127 denti
235 3076 266 3127 et
293 3069 320 3126 si
347 3085 455 3127 exesus
483 3075 541 3147 est,
568 3069 599 3128 in
623 3085 780 3128 cavernam
804 3069 868 3127 eius
892 3068 1038 3128 insertum
1062 3066 1136 3128 utile

123 3163 180 3234 est3
204 3163 358 3234 praeterea
381 3156 417 3215 ad
440 3155 581 3216 horrores
605 3155 718 3216 febrem
736 3155 960 3237 praecedentes,
983 3174 1059 3234 qttae
1079 3158 1136 3217 cir·

122 3247 237 3303 editum
259 3243 361 3323 habet,
385 3243 486 3303 datum
510 3251 577 3304 ante
604 3243 708 3303 horam
737 3247 917 3306 accessionis
942 3244 1136 3306 utilissimum

193 3445 391 3529 agluttinora.
437 3445 638 3515 opericulum.
684 3449 924 3530 btrocloditidos.
974 3455 1009 3505 20
1022 3450 1134 3505 fleume.

115 3522 151 3568 21
172 3515 291 3569 obstent
306 3515 447 3573 Sermone
465 3519 573 3587 optent.
645 3518 789 3575 transitus.
862 3526 897 3576 24
915 3521 1046 3578 nostorci.
