2438 3802
481 155 717 220 -297-

94 317 221 398 pteridis
249 325 354 380 tunsae
382 325 412 378 et
439 317 518 378 aloes
546 325 650 378 tunsae
680 317 838 396 diligenter
864 317 998 398 dragmas
1022 318 1108 381 binas

95 414 126 466 et
148 405 244 467 mellis
267 405 435 486 despumati
457 405 537 484 quod
561 406 703 484 sulficiat3
731 405 801 466 inde
829 406 997 467 iunioribus
1024 410 1107 469 iuxta

95 501 223 557 aetatem
250 494 347 576 dabis,
378 493 545 556 senioribus
575 494 745 573 plusculum
773 503 803 556 et
830 495 940 556 adicies
968 495 1108 557 cololonii

96 582 247 662 dragmam
275 602 377 663 unam,
404 585 445 644 ita
472 590 506 643 ut
534 585 585 661 qui
610 583 775 644 remedium
800 592 922 645 sumunt
946 603 1034 645 carne
1058 585 1107 645 ab·

70 673 227 733 astineant
248 690 303 750 per
325 671 391 732 illos
415 671 478 732 dies
502 679 532 732 et
555 671 652 732 aleam
674 673 863 733 manducent.

186 759 381 821 Coriendrum
404 759 497 820 viride
521 759 567 819 vel
590 761 655 820 eius
679 778 780 822 semen
804 761 954 840 decoques
972 763 1004 821 in
1023 779 1108 845 aqua,
1127 772 1161 820 33

95 850 128 908 in
151 866 209 927 qua
227 847 345 926 lupinos
363 849 447 927 prius
466 849 592 928 coxeris,
611 856 641 908 et
660 867 728 910 eum
746 849 816 910 inde
835 850 993 911 adversum
1012 852 1108 911 tineas

95 935 142 996 vel
165 935 327 997 lumbricos
349 938 469 997 ieiunus
492 938 658 1016 sumpseris
681 940 845 1019 potionem,
868 939 1034 1000 vectaberis
1057 946 1109 1000 aut

96 1023 308 1085 deambulabis.

55 1131 82 1172 1o
184 1111 335 1174 Nasturcii
362 1114 485 1173 seminis
513 1113 658 1174 coclearia
686 1122 840 1196 quattuor,
867 1115 954 1176 filicis
978 1133 1053 1193 quae
1076 1118 1108 1177 in
1127 1125 1162 1174 34

95 1200 202 1261 arbore
226 1203 360 1262 nascitur
382 1201 414 1262 P.
433 1201 460 1282 Ι,
489 1204 599 1280 agarici
620 1202 736 1284 -ΙΙΙ,
763 1205 894 1282 iuniperi
916 1204 1032 1284 -ΙΙΙ,
1060 1223 1108 1264 co·

95 1289 210 1349 mandri
232 1291 355 1350 seminis
379 1287 411 1349 8
430 1289 452 1370 Ι,
475 1308 512 1349 ex
535 1285 634 1351 radice
655 1290 774 1370 Syriaca
792 1290 823 1352 P.
842 1289 864 1371 l,
887 1294 972 1352 corni
996 1295 1110 1353 cervini

97 1379 157 1438 usti
188 1409 225 1420 -
250 1377 318 1459 1111,
346 1379 419 1438 nitri
446 1376 636 1439 Alexandrini
663 1378 773 1461 -ΙΙΙ,
802 1382 969 1441 scamoniae
1000 1381 1109 1462 -ΙΙΙ,

96 1465 253 1545 tithymalli
275 1465 306 1528 P.
325 1465 351 1547 Ι,
375 1465 452 1528 haec
476 1469 573 1528 omnia
596 1467 704 1529 tundes
728 1476 758 1528 et
780 1468 940 1550 cribrabis,
968 1469 1109 1531 miscebis

56 1571 83 1614 15
97 1562 128 1616 et
154 1557 286 1633 reposita
313 1554 437 1616 habebis
465 1564 495 1615 et
522 1574 591 1616 cum
618 1575 694 1636 opus
722 1558 825 1636 luerit,
854 1557 938 1618 dabis
960 1560 1109 1620 tinearum

95 1642 142 1704 vel
170 1642 386 1704 lumbrieorum
412 1643 547 1704 molestia
574 1644 776 1706 laborantibus
800 1647 830 1704 in
856 1648 978 1724 potione
1001 1666 1109 1726 poscae

96 1730 210 1810 gelidae
233 1734 314 1794 iuxta
338 1739 478 1813 aetatem,
506 1733 559 1792 sed
582 1734 774 1812 digestissimi
797 1733 833 1794 ab
858 1737 939 1796 omni
962 1753 1030 1797 esca
1052 1736 1110 1797 hoc

96 1819 263 1880 remedium
285 1823 420 1900 accipere
444 1820 603 1883 debebunt.

107 1954 110 1963 ,
189 1908 278 1970 Acori
299 1911 394 1990 tunsi,
418 1927 525 1970 erucae
550 1911 685 1984 seminis,
709 1910 858 1970 coriandri
882 1913 955 1972 sicci
978 1914 1109 1994 seminis,
1128 1922 1163 1972 35

57 2013 85 2053 so
100 1995 278 2058 cardamomi
309 1997 447 2058 cocliaria
480 2006 636 2079 quaterna,
667 2000 798 2078 iuniperi
825 2032 867 2042 -
896 1999 950 2082 ΙΙΙ,
981 2000 1111 2062 absinthi

99 2083 253 2147 Santonici
278 2084 311 2150 P.
334 2085 360 2166 Ι,
387 2086 493 2167 hysopi
524 2119 560 2130 -
585 2087 636 2168 Vl,
664 2089 749 2148 corni
777 2090 891 2148 cervini
918 2091 980 2150 usti
1007 2122 1049 2132 -
1074 2089 1109 2170 ΙΙ,

98 2173 240 2236 dictamni
262 2174 335 2256 P.1‚
358 2174 454 2255 filicis,
479 2194 552 2254 quae
577 2178 608 2237 iu
631 2175 738 2236 arbore
757 2179 899 2257 nascitur,
922 2180 1018 2238 siccae
1037 2177 1068 2239 P.
1088 2177 1109 2238 l.

97 2261 203 2324 Omnia
233 2263 307 2325 haee
334 2271 423 2325 tunsa
451 2263 638 2344 cribrataque
666 2265 806 2327 miscebis
840 2273 870 2325 et
902 2266 1047 2326 recondes
1080 2275 1111 2327 et

97 2370 166 2413 eum
185 2370 260 2432 opus
279 2353 380 2432 luerit,
398 2352 531 2431 pastillos
550 2355 640 2415 iacies
660 2353 742 2414 labae
762 2354 964 2432 magnitudine
982 2362 1012 2415 et
1026 2353 1111 2415 dabis

56 2456 83 2497 ΙΙ
98 2441 135 2522 ei,
154 2443 206 2520 qui
224 2440 338 2502 laborat
355 2439 492 2502 molestia
510 2441 733 2523 lumbrieorum,
756 2449 790 2503 ut
807 2442 874 2504 edat
888 2445 919 2503 in
934 2443 1002 2524 ficu,
1021 2445 1109 2504 etiam

97 2531 189 2608 sicca;
213 2529 368 2590 abstentus
387 2537 486 2590 tamen
504 2531 609 2612 pridie,
627 2533 668 2592 ita
687 2539 721 2592 ut
740 2533 779 2592 sit
797 2532 1025 2614 digestissimus,
1042 2551 1110 2594 cum

96 2617 153 2679 hoc
177 2619 343 2679 remedium
366 2619 465 2678 sumit.

186 2706 230 2767 hd
250 2706 413 2768 lumbricos
433 2707 592 2766 eiciendos
600 2708 765 2767 remedium
781 2709 838 2767 sic:
857 2708 1015 2768 Aristoloci
1030 2708 1110 2788 longi
1129 2719 1164 2768 36

98 2796 237 2856 contunsi
260 2788 301 2881 ἓν
324 2793 350 2854 ΙΙ
378 2813 447 2855 cum
476 2813 568 2873 aquae
596 2795 709 2873 cyathis
737 2794 854 2854 duobus
883 2798 983 2855 ieiuno
1007 2796 1109 2856 biben-

56 2900 84 2941 ΙΙ
99 2881 153 2942 dos
176 2883 381 2962 pertriduum
400 2881 497 2962 dabis;
520 2881 642 2942 nucleos
665 2900 783 2960 quoque
802 2883 838 2942 de
857 2885 975 2960 persico
995 2901 1110 2943 amaros

98 2971 217 3031 ieiunus
241 2970 330 3031 edere
353 2969 475 3032 debebit
498 2971 550 3048 qui
572 2967 727 3030 lumbricis
751 2969 913 3030 vexabitur.

187 3057 231 3119 hd
253 3059 367 3120 ventris
390 3058 523 3118 dolorem
546 3057 711 3117 remedium
735 3057 839 3117 efficax
861 3060 917 3117 sic:
943 3057 1052 3118 Sordes
1070 3059 1107 3118 de
1127 3071 1161 3121 aa

98 3145 219 3208 cardine
242 3149 312 3208 ostii
335 3146 405 3208 tolle
429 3146 530 3224 digitis
553 3145 678 3226 duobus,
702 3144 808 3224 pollice
830 3156 860 3206 et
879 3145 1056 3227 medicinali,
1080 3155 1110 3208 et

186 3299 304 3370 ecolop
305 3298 406 3355 ironiae
426 3298 586 3354 ocrearius.
657 3305 671 3353 7
688 3298 798 3368 poclm
818 3315 873 3367 qua
890 3299 1008 3368 repetit
1000 3318 1029 3354 1n
1044 3316 1109 3369 quo.

98 3374 132 3424 14
150 3318 307 3426 tithimelli.
398 3375 433 3425 ΙΙ
452 3369 657 3425 diiectissimus.
731 3374 765 3424 28
785 3369 985 3426 aristolochiae
1007 3370 1109 3454 longae

95 3457 148 3497 con
150 3443 231 3496 tusae
260 3439 420 3498 Gomarim
529 3447 563 3495 29
588 3440 714 3510 cyathos.
823 3447 857 3496 30
881 3442 988 3511 persico
1012 3442 1112 3497 amari

95 3518 130 3568 33
150 3513 230 3586 ostii]
250 3513 331 3570 ustei.
404 3511 515 3586 digitis]
534 3510 690 3583 diligentis
