<?xml version="1.0" encoding="UTF-8"?>
<!DOCTYPE html PUBLIC "-//W3C//DTD XHTML 1.0 Transitional//EN"
    "http://www.w3.org/TR/xhtml1/DTD/xhtml1-transitional.dtd">
<html xmlns="http://www.w3.org/1999/xhtml" xml:lang="en" lang="en">
 <head>
  <title>
</title>
<meta http-equiv="Content-Type" content="text/html;charset=utf-8" />
  <meta name='ocr-system' content='tesseract 3.04.00' />
  <meta name='ocr-capabilities' content='ocr_page ocr_carea ocr_par ocr_line ocrx_word'/>
</head>
<body>
  <div class='ocr_page' id='page_1' title='image "./marcellidemedic01helmgoog_0024.png"; bbox 0 0 2438 3802; ppageno 0'>
   <div class='ocr_carea' id='block_1_1' title="bbox 511 179 726 242">
    <p class='ocr_par' dir='ltr' id='par_1_1' title="bbox 511 179 726 242">
     <span class='ocr_line' id='line_1_1' title="bbox 511 179 726 242; baseline 0.009 -20"><span class='ocrx_word' id='word_1_1' title='bbox 511 179 726 242; x_wconf 70' lang='lat'>„11-</span> 
     </span>
    </p>
   </div>
   <div class='ocr_carea' id='block_1_2' title="bbox 107 338 1123 512">
    <p class='ocr_par' dir='ltr' id='par_1_2' title="bbox 107 338 1123 512">
     <span class='ocr_line' id='line_1_2' title="bbox 107 338 1122 423; baseline 0.005 -23"><span class='ocrx_word' id='word_1_2' title='bbox 107 338 329 417; x_wconf 79' lang='lat' dir='ltr'>defervetacies,</span> <span class='ocrx_word' id='word_1_3' title='bbox 353 338 422 399; x_wconf 91' lang='lat' dir='ltr'>iude</span> <span class='ocrx_word' id='word_1_4' title='bbox 446 357 553 418; x_wconf 91' lang='lat' dir='ltr'>aquam</span> <span class='ocrx_word' id='word_1_5' title='bbox 576 358 628 400; x_wconf 90' lang='lat' dir='ltr'>oro</span> <span class='ocrx_word' id='word_1_6' title='bbox 649 341 825 423; x_wconf 87' lang='lat' dir='ltr'>continebis,</span> <span class='ocrx_word' id='word_1_7' title='bbox 849 342 902 403; x_wconf 92' lang='lat' dir='ltr'>sed</span> <span class='ocrx_word' id='word_1_8' title='bbox 921 351 1010 422; x_wconf 90' lang='lat' dir='ltr'>capnt</span> <span class='ocrx_word' id='word_1_9' title='bbox 1029 343 1122 405; x_wconf 86' lang='lat' dir='ltr'>calide</span> 
     </span>
     <span class='ocr_line' id='line_1_3' title="bbox 108 426 1123 512; baseline 0.005 -24"><span class='ocrx_word' id='word_1_10' title='bbox 108 426 264 508; x_wconf 80' lang='lat' dir='ltr'><strong>tractabis,</strong></span> <span class='ocrx_word' id='word_1_11' title='bbox 293 435 326 487; x_wconf 92' lang='lat' dir='ltr'>ut</span> <span class='ocrx_word' id='word_1_12' title='bbox 353 426 426 488; x_wconf 88' lang='lat' dir='ltr'>fluat</span> <span class='ocrx_word' id='word_1_13' title='bbox 448 430 564 506; x_wconf 82' lang='lat' dir='ltr'>pituita.</span> <span class='ocrx_word' id='word_1_14' title='bbox 602 427 688 498; x_wconf 85' lang='lat' dir='ltr'>Quod</span> <span class='ocrx_word' id='word_1_15' title='bbox 716 432 741 490; x_wconf 93' lang='lat' dir='ltr'>si</span> <span class='ocrx_word' id='word_1_16' title='bbox 765 433 832 510; x_wconf 93' lang='lat' dir='ltr'>quis</span> <span class='ocrx_word' id='word_1_17' title='bbox 855 431 999 512; x_wconf 78' lang='lat' dir='ltr'>neglegit,</span> <span class='ocrx_word' id='word_1_18' title='bbox 1027 435 1123 512; x_wconf 80' lang='lat' dir='ltr'>capiet</span> 
     </span>
    </p>
   </div>
   <div class='ocr_carea' id='block_1_3' title="bbox 62 515 1157 3256">
    <p class='ocr_par' dir='ltr' id='par_1_3' title="bbox 62 515 1157 3256">
     <span class='ocr_line' id='line_1_4' title="bbox 110 515 1122 595; baseline 0.004 -18"><span class='ocrx_word' id='word_1_19' title='bbox 110 516 238 595; x_wconf 88' lang='lat' dir='ltr'>epiioras</span> <span class='ocrx_word' id='word_1_20' title='bbox 257 515 413 576; x_wconf 90' lang='lat' dir='ltr'>oculorum</span> <span class='ocrx_word' id='word_1_21' title='bbox 432 525 483 578; x_wconf 88' lang='lat' dir='ltr'>aut</span> <span class='ocrx_word' id='word_1_22' title='bbox 503 518 637 578; x_wconf 89' lang='lat' dir='ltr'>dentium</span> <span class='ocrx_word' id='word_1_23' title='bbox 655 517 702 578; x_wconf 90' lang='lat' dir='ltr'>vol</span> <span class='ocrx_word' id='word_1_24' title='bbox 720 521 838 580; x_wconf 87' lang='lat' dir='ltr'>aurium</span> <span class='ocrx_word' id='word_1_25' title='bbox 856 518 997 582; x_wconf 88' lang='lat' dir='ltr'>dolorem.</span> <span class='ocrx_word' id='word_1_26' title='bbox 1030 519 1122 582; x_wconf 90' lang='lat' dir='ltr'>Inter·</span> 
     </span>
     <span class='ocr_line' id='line_1_5' title="bbox 109 605 1123 689; baseline 0.005 -24"><span class='ocrx_word' id='word_1_27' title='bbox 109 605 181 665; x_wconf 92' lang='lat' dir='ltr'>dum</span> <span class='ocrx_word' id='word_1_28' title='bbox 209 605 298 664; x_wconf 90' lang='lat' dir='ltr'>otiam</span> <span class='ocrx_word' id='word_1_29' title='bbox 326 612 457 665; x_wconf 78' lang='lat' dir='ltr'>strumae</span> <span class='ocrx_word' id='word_1_30' title='bbox 484 606 695 686; x_wconf 90' lang='lat' dir='ltr'>parotidesque</span> <span class='ocrx_word' id='word_1_31' title='bbox 724 617 889 670; x_wconf 89' lang='lat' dir='ltr'>nascuntur</span> <span class='ocrx_word' id='word_1_32' title='bbox 913 617 943 670; x_wconf 90' lang='lat' dir='ltr'>et</span> <span class='ocrx_word' id='word_1_33' title='bbox 966 608 1021 669; x_wconf 88' lang='lat' dir='ltr'>alia</span> <span class='ocrx_word' id='word_1_34' title='bbox 1044 611 1123 689; x_wconf 89' lang='lat' dir='ltr'>vitia,</span> 
     </span>
     <span class='ocr_line' id='line_1_6' title="bbox 78 692 1123 778; baseline 0.006 -26"><span class='ocrx_word' id='word_1_35' title='bbox 78 711 185 773; x_wconf 77' lang='lat' dir='ltr'>oquae</span> <span class='ocrx_word' id='word_1_36' title='bbox 208 695 287 754; x_wconf 91' lang='lat' dir='ltr'>circa</span> <span class='ocrx_word' id='word_1_37' title='bbox 311 692 412 754; x_wconf 89' lang='lat' dir='ltr'>lauces</span> <span class='ocrx_word' id='word_1_38' title='bbox 433 697 625 773; x_wconf 82' lang='lat' dir='ltr'>cervicesque</span> <span class='ocrx_word' id='word_1_39' title='bbox 649 697 722 756; x_wconf 92' lang='lat' dir='ltr'>oriri</span> <span class='ocrx_word' id='word_1_40' title='bbox 741 695 849 778; x_wconf 85' lang='lat' dir='ltr'>solent;</span> <span class='ocrx_word' id='word_1_41' title='bbox 873 699 946 758; x_wconf 91' lang='lat' dir='ltr'>item</span> <span class='ocrx_word' id='word_1_42' title='bbox 964 697 1123 758; x_wconf 88' lang='lat' dir='ltr'>destillatio</span> 
     </span>
     <span class='ocr_line' id='line_1_7' title="bbox 107 781 1122 866; baseline 0.005 -24"><span class='ocrx_word' id='word_1_43' title='bbox 107 792 160 843; x_wconf 89' lang='lat' dir='ltr'>aut</span> <span class='ocrx_word' id='word_1_44' title='bbox 191 781 318 861; x_wconf 90' lang='lat' dir='ltr'>gravedo</span> <span class='ocrx_word' id='word_1_45' title='bbox 348 783 464 842; x_wconf 89' lang='lat' dir='ltr'>narium</span> <span class='ocrx_word' id='word_1_46' title='bbox 494 785 552 843; x_wconf 92' lang='lat' dir='ltr'>erit</span> <span class='ocrx_word' id='word_1_47' title='bbox 584 791 614 843; x_wconf 90' lang='lat' dir='ltr'>et</span> <span class='ocrx_word' id='word_1_48' title='bbox 646 784 796 846; x_wconf 90' lang='lat' dir='ltr'>interdum</span> <span class='ocrx_word' id='word_1_49' title='bbox 830 786 930 847; x_wconf 91' lang='lat' dir='ltr'>ulcera</span> <span class='ocrx_word' id='word_1_50' title='bbox 962 789 993 847; x_wconf 90' lang='lat' dir='ltr'>in</span> <span class='ocrx_word' id='word_1_51' title='bbox 1026 788 1122 866; x_wconf 90' lang='lat' dir='ltr'>capite</span> 
     </span>
     <span class='ocr_line' id='line_1_8' title="bbox 106 871 1157 950; baseline 0.005 -19"><span class='ocrx_word' id='word_1_52' title='bbox 106 878 275 932; x_wconf 88' lang='lat' dir='ltr'>nascuntur</span> <span class='ocrx_word' id='word_1_53' title='bbox 302 877 354 931; x_wconf 84' lang='lat' dir='ltr'>eut</span> <span class='ocrx_word' id='word_1_54' title='bbox 380 872 469 931; x_wconf 90' lang='lat' dir='ltr'>etiam</span> <span class='ocrx_word' id='word_1_55' title='bbox 493 871 591 950; x_wconf 89' lang='lat' dir='ltr'>capilli</span> <span class='ocrx_word' id='word_1_56' title='bbox 614 871 757 934; x_wconf 90' lang='lat' dir='ltr'>delluunt.</span> <span class='ocrx_word' id='word_1_57' title='bbox 795 874 869 935; x_wconf 85' lang='lat' dir='ltr'>Cum</span> <span class='ocrx_word' id='word_1_58' title='bbox 894 883 993 936; x_wconf 88' lang='lat' dir='ltr'>autem</span> <span class='ocrx_word' id='word_1_59' title='bbox 1017 893 1033 935; x_wconf 91' lang='lat' dir='ltr'>a</span> <span class='ocrx_word' id='word_1_60' title='bbox 1057 873 1157 936; x_wconf 82' lang='lat' dir='ltr'>tho-‘1</span> 
     </span>
     <span class='ocr_line' id='line_1_9' title="bbox 106 955 1123 1043; baseline 0.004 -23"><span class='ocrx_word' id='word_1_61' title='bbox 106 978 179 1021; x_wconf 89' lang='lat' dir='ltr'>race</span> <span class='ocrx_word' id='word_1_62' title='bbox 206 955 327 1020; x_wconf 87' lang='lat' dir='ltr'>morbus</span> <span class='ocrx_word' id='word_1_63' title='bbox 354 962 501 1040; x_wconf 86' lang='lat' dir='ltr'>nascitur,</span> <span class='ocrx_word' id='word_1_64' title='bbox 529 963 635 1039; x_wconf 88' lang='lat' dir='ltr'>incipit</span> <span class='ocrx_word' id='word_1_65' title='bbox 662 971 751 1041; x_wconf 89' lang='lat' dir='ltr'>caput</span> <span class='ocrx_word' id='word_1_66' title='bbox 774 963 881 1024; x_wconf 91' lang='lat' dir='ltr'>sudare</span> <span class='ocrx_word' id='word_1_67' title='bbox 904 963 1064 1043; x_wconf 80' lang='lat' dir='ltr'>linguaque</span> <span class='ocrx_word' id='word_1_68' title='bbox 1088 965 1123 1025; x_wconf 89' lang='lat' dir='ltr'>tit</span> 
     </span>
     <span class='ocr_line' id='line_1_10' title="bbox 107 1050 1122 1114; baseline 0.006 -6"><span class='ocrx_word' id='word_1_69' title='bbox 107 1051 239 1109; x_wconf 85' lang='lat' dir='ltr'>crassior</span> <span class='ocrx_word' id='word_1_70' title='bbox 261 1056 312 1109; x_wconf 93' lang='lat' dir='ltr'>aut</span> <span class='ocrx_word' id='word_1_71' title='bbox 335 1067 368 1109; x_wconf 92' lang='lat' dir='ltr'>os</span> <span class='ocrx_word' id='word_1_72' title='bbox 392 1067 525 1110; x_wconf 89' lang='lat' dir='ltr'>amarum</span> <span class='ocrx_word' id='word_1_73' title='bbox 547 1059 599 1110; x_wconf 92' lang='lat' dir='ltr'>aut</span> <span class='ocrx_word' id='word_1_74' title='bbox 617 1050 733 1112; x_wconf 90' lang='lat' dir='ltr'>tusillae</span> <span class='ocrx_word' id='word_1_75' title='bbox 752 1051 861 1112; x_wconf 91' lang='lat' dir='ltr'>dolent.</span> <span class='ocrx_word' id='word_1_76' title='bbox 900 1052 1044 1114; x_wconf 87' lang='lat' dir='ltr'>Osoitatio</span> <span class='ocrx_word' id='word_1_77' title='bbox 1064 1055 1122 1114; x_wconf 90' lang='lat' dir='ltr'>erit</span> 
     </span>
     <span class='ocr_line' id='line_1_11' title="bbox 64 1137 1122 1222; baseline 0.006 -26"><span class='ocrx_word' id='word_1_78' title='bbox 64 1155 93 1194; x_wconf 75' lang='lat' dir='ltr'>ro</span> <span class='ocrx_word' id='word_1_79' title='bbox 106 1137 250 1216; x_wconf 80' lang='lat' dir='ltr'>frequens</span> <span class='ocrx_word' id='word_1_80' title='bbox 274 1140 338 1198; x_wconf 90' lang='lat' dir='ltr'>sine</span> <span class='ocrx_word' id='word_1_81' title='bbox 358 1140 462 1198; x_wconf 90' lang='lat' dir='ltr'>somno</span> <span class='ocrx_word' id='word_1_82' title='bbox 485 1146 516 1199; x_wconf 91' lang='lat' dir='ltr'>et</span> <span class='ocrx_word' id='word_1_83' title='bbox 539 1140 649 1219; x_wconf 88' lang='lat' dir='ltr'>quiete,</span> <span class='ocrx_word' id='word_1_84' title='bbox 672 1147 776 1219; x_wconf 91' lang='lat' dir='ltr'>torpor</span> <span class='ocrx_word' id='word_1_85' title='bbox 796 1140 1007 1222; x_wconf 92' lang='lat' dir='ltr'>membrorum,</span> <span class='ocrx_word' id='word_1_86' title='bbox 1031 1144 1122 1202; x_wconf 90' lang='lat' dir='ltr'>animi</span> 
     </span>
     <span class='ocr_line' id='line_1_12' title="bbox 106 1225 1121 1308; baseline 0.004 -22"><span class='ocrx_word' id='word_1_87' title='bbox 106 1225 205 1306; x_wconf 90' lang='lat' dir='ltr'>dolor,</span> <span class='ocrx_word' id='word_1_88' title='bbox 228 1228 352 1305; x_wconf 89' lang='lat' dir='ltr'>prurigo</span> <span class='ocrx_word' id='word_1_89' title='bbox 376 1229 524 1306; x_wconf 87' lang='lat' dir='ltr'>corporis,</span> <span class='ocrx_word' id='word_1_90' title='bbox 551 1226 671 1287; x_wconf 89' lang='lat' dir='ltr'>brachia</span> <span class='ocrx_word' id='word_1_91' title='bbox 694 1247 859 1308; x_wconf 89' lang='lat' dir='ltr'>manusque</span> <span class='ocrx_word' id='word_1_92' title='bbox 883 1230 1005 1291; x_wconf 90' lang='lat' dir='ltr'>adsidue</span> <span class='ocrx_word' id='word_1_93' title='bbox 1029 1232 1121 1290; x_wconf 93' lang='lat' dir='ltr'>intre·</span> 
     </span>
     <span class='ocr_line' id='line_1_13' title="bbox 105 1313 1121 1396; baseline 0.003 -21"><span class='ocrx_word' id='word_1_94' title='bbox 105 1317 234 1376; x_wconf 87' lang='lat' dir='ltr'>miscent</span> <span class='ocrx_word' id='word_1_95' title='bbox 263 1313 419 1395; x_wconf 90' lang='lat' dir='ltr'>subitaque</span> <span class='ocrx_word' id='word_1_96' title='bbox 447 1317 538 1376; x_wconf 88' lang='lat' dir='ltr'>tussis</span> <span class='ocrx_word' id='word_1_97' title='bbox 567 1316 647 1376; x_wconf 90' lang='lat' dir='ltr'>arida</span> <span class='ocrx_word' id='word_1_98' title='bbox 675 1324 705 1377; x_wconf 92' lang='lat' dir='ltr'>et</span> <span class='ocrx_word' id='word_1_99' title='bbox 728 1319 862 1396; x_wconf 89' lang='lat' dir='ltr'>inquieta</span> <span class='ocrx_word' id='word_1_100' title='bbox 885 1326 1032 1379; x_wconf 89' lang='lat' dir='ltr'>nascetur.</span> <span class='ocrx_word' id='word_1_101' title='bbox 1077 1317 1121 1378; x_wconf 82' lang='lat' dir='ltr'>Er</span> 
     </span>
     <span class='ocr_line' id='line_1_14' title="bbox 106 1403 1122 1486; baseline 0.004 -24"><span class='ocrx_word' id='word_1_102' title='bbox 106 1403 155 1464; x_wconf 92' lang='lat' dir='ltr'>his</span> <span class='ocrx_word' id='word_1_103' title='bbox 182 1421 252 1482; x_wconf 87' lang='lat' dir='ltr'>ergo</span> <span class='ocrx_word' id='word_1_104' title='bbox 281 1421 349 1464; x_wconf 93' lang='lat' dir='ltr'>cum</span> <span class='ocrx_word' id='word_1_105' title='bbox 376 1403 487 1483; x_wconf 90' lang='lat' dir='ltr'>aliquid</span> <span class='ocrx_word' id='word_1_106' title='bbox 516 1404 672 1483; x_wconf 91' lang='lat' dir='ltr'>acciderit,</span> <span class='ocrx_word' id='word_1_107' title='bbox 700 1404 808 1465; x_wconf 86' lang='lat' dir='ltr'>vitabis</span> <span class='ocrx_word' id='word_1_108' title='bbox 835 1407 940 1466; x_wconf 90' lang='lat' dir='ltr'>vitium</span> <span class='ocrx_word' id='word_1_109' title='bbox 965 1423 1068 1486; x_wconf 90' lang='lat' dir='ltr'>grave,</span> <span class='ocrx_word' id='word_1_110' title='bbox 1096 1409 1122 1466; x_wconf 94' lang='lat' dir='ltr'>si</span> 
     </span>
     <span class='ocr_line' id='line_1_15' title="bbox 107 1492 1120 1571; baseline 0.006 -22"><span class='ocrx_word' id='word_1_111' title='bbox 107 1494 257 1554; x_wconf 90' lang='lat' dir='ltr'>vomueris</span> <span class='ocrx_word' id='word_1_112' title='bbox 287 1494 348 1552; x_wconf 90' lang='lat' dir='ltr'>sive</span> <span class='ocrx_word' id='word_1_113' title='bbox 378 1494 497 1553; x_wconf 90' lang='lat' dir='ltr'>ieiunus</span> <span class='ocrx_word' id='word_1_114' title='bbox 528 1494 590 1552; x_wconf 86' lang='lat' dir='ltr'>sive</span> <span class='ocrx_word' id='word_1_115' title='bbox 617 1499 686 1571; x_wconf 91' lang='lat' dir='ltr'>post</span> <span class='ocrx_word' id='word_1_116' title='bbox 715 1510 818 1553; x_wconf 91' lang='lat' dir='ltr'>cenam</span> <span class='ocrx_word' id='word_1_117' title='bbox 853 1492 898 1553; x_wconf 90' lang='lat' dir='ltr'>vel</span> <span class='ocrx_word' id='word_1_118' title='bbox 931 1496 963 1554; x_wconf 93' lang='lat' dir='ltr'>in</span> <span class='ocrx_word' id='word_1_119' title='bbox 995 1492 1120 1556; x_wconf 88' lang='lat' dir='ltr'>balineo.</span> 
     </span>
     <span class='ocr_line' id='line_1_16' title="bbox 65 1580 1121 1664; baseline 0.006 -26"><span class='ocrx_word' id='word_1_120' title='bbox 65 1598 91 1640; x_wconf 67' lang='grc' dir='ltr'>ιο</span> <span class='ocrx_word' id='word_1_121' title='bbox 105 1580 177 1643; x_wconf 89' lang='lat' dir='ltr'>Plus</span> <span class='ocrx_word' id='word_1_122' title='bbox 200 1587 299 1642; x_wconf 90' lang='lat' dir='ltr'>autem</span> <span class='ocrx_word' id='word_1_123' title='bbox 323 1580 458 1662; x_wconf 91' lang='lat' dir='ltr'>prodest,</span> <span class='ocrx_word' id='word_1_124' title='bbox 482 1583 509 1640; x_wconf 91' lang='lat' dir='ltr'>si</span> <span class='ocrx_word' id='word_1_125' title='bbox 532 1583 653 1642; x_wconf 89' lang='lat' dir='ltr'>ieiunus</span> <span class='ocrx_word' id='word_1_126' title='bbox 676 1581 765 1642; x_wconf 92' lang='lat' dir='ltr'>bilem</span> <span class='ocrx_word' id='word_1_127' title='bbox 789 1583 927 1664; x_wconf 81' lang='lat' dir='ltr'>eieceris3</span> <span class='ocrx_word' id='word_1_128' title='bbox 953 1600 1017 1643; x_wconf 91' lang='lat' dir='ltr'>eam</span> <span class='ocrx_word' id='word_1_129' title='bbox 1042 1585 1121 1644; x_wconf 88' lang='lat' dir='ltr'>enim</span> 
     </span>
     <span class='ocr_line' id='line_1_17' title="bbox 107 1669 1121 1751; baseline 0.002 -21"><span class='ocrx_word' id='word_1_130' title='bbox 107 1670 236 1731; x_wconf 89' lang='lat' dir='ltr'>dicimus</span> <span class='ocrx_word' id='word_1_131' title='bbox 263 1677 388 1730; x_wconf 90' lang='lat' dir='ltr'>matrem</span> <span class='ocrx_word' id='word_1_132' title='bbox 416 1669 597 1730; x_wconf 87' lang='lat' dir='ltr'>morborum.</span> <span class='ocrx_word' id='word_1_133' title='bbox 646 1670 703 1731; x_wconf 90' lang='lat' dir='ltr'>Sed</span> <span class='ocrx_word' id='word_1_134' title='bbox 729 1673 780 1751; x_wconf 91' lang='lat' dir='ltr'>qui</span> <span class='ocrx_word' id='word_1_135' title='bbox 803 1690 922 1732; x_wconf 91' lang='lat' dir='ltr'>vomere</span> <span class='ocrx_word' id='word_1_136' title='bbox 946 1671 1052 1732; x_wconf 90' lang='lat' dir='ltr'>nolunt</span> <span class='ocrx_word' id='word_1_137' title='bbox 1075 1672 1121 1732; x_wconf 90' lang='lat' dir='ltr'>vel</span> 
     </span>
     <span class='ocr_line' id='line_1_18' title="bbox 105 1759 1120 1841; baseline 0.002 -21"><span class='ocrx_word' id='word_1_138' title='bbox 105 1776 167 1820; x_wconf 91' lang='lat' dir='ltr'>non</span> <span class='ocrx_word' id='word_1_139' title='bbox 189 1767 328 1837; x_wconf 84' lang='lat' dir='ltr'>possunt,</span> <span class='ocrx_word' id='word_1_140' title='bbox 353 1761 420 1837; x_wconf 87' lang='lat' dir='ltr'>qnia</span> <span class='ocrx_word' id='word_1_141' title='bbox 442 1759 595 1820; x_wconf 89' lang='lat' dir='ltr'>stomacho</span> <span class='ocrx_word' id='word_1_142' title='bbox 617 1759 766 1841; x_wconf 87' lang='lat' dir='ltr'>laborant,</span> <span class='ocrx_word' id='word_1_143' title='bbox 790 1760 905 1821; x_wconf 90' lang='lat' dir='ltr'>decimo</span> <span class='ocrx_word' id='word_1_144' title='bbox 930 1779 1048 1840; x_wconf 90' lang='lat' dir='ltr'>qnoque</span> <span class='ocrx_word' id='word_1_145' title='bbox 1072 1761 1120 1822; x_wconf 90' lang='lat' dir='ltr'>die</span> 
     </span>
     <span class='ocr_line' id='line_1_19' title="bbox 104 1847 1119 1928; baseline 0.003 -20"><span class='ocrx_word' id='word_1_146' title='bbox 104 1848 264 1909; x_wconf 89' lang='lat' dir='ltr'>ieiunando</span> <span class='ocrx_word' id='word_1_147' title='bbox 283 1849 362 1907; x_wconf 94' lang='lat' dir='ltr'>omni</span> <span class='ocrx_word' id='word_1_148' title='bbox 382 1847 448 1909; x_wconf 92' lang='lat' dir='ltr'>cibo</span> <span class='ocrx_word' id='word_1_149' title='bbox 468 1866 499 1908; x_wconf 92' lang='lat' dir='ltr'>sc</span> <span class='ocrx_word' id='word_1_150' title='bbox 518 1848 698 1909; x_wconf 83' lang='lat' dir='ltr'>abstineant:</span> <span class='ocrx_word' id='word_1_151' title='bbox 719 1867 777 1928; x_wconf 92' lang='lat' dir='ltr'>qno</span> <span class='ocrx_word' id='word_1_152' title='bbox 796 1849 874 1910; x_wconf 87' lang='lat' dir='ltr'>facto</span> <span class='ocrx_word' id='word_1_153' title='bbox 889 1852 993 1912; x_wconf 91' lang='lat' dir='ltr'>vitium</span> <span class='ocrx_word' id='word_1_154' title='bbox 1008 1851 1119 1928; x_wconf 86' lang='lat' dir='ltr'>grande</span> 
     </span>
     <span class='ocr_line' id='line_1_20' title="bbox 104 1935 1119 2017; baseline 0.004 -21"><span class='ocrx_word' id='word_1_155' title='bbox 104 1935 253 2017; x_wconf 81' lang='lat' dir='ltr'>vitabunt3</span> <span class='ocrx_word' id='word_1_156' title='bbox 281 1954 348 1996; x_wconf 91' lang='lat' dir='ltr'>nam</span> <span class='ocrx_word' id='word_1_157' title='bbox 377 1937 550 2016; x_wconf 82' lang='lat' dir='ltr'>frequenter</span> <span class='ocrx_word' id='word_1_158' title='bbox 579 1936 724 1997; x_wconf 90' lang='lat' dir='ltr'>vomendo</span> <span class='ocrx_word' id='word_1_159' title='bbox 753 1937 828 1998; x_wconf 90' lang='lat' dir='ltr'>solet</span> <span class='ocrx_word' id='word_1_160' title='bbox 856 1939 1027 2000; x_wconf 90' lang='lat' dir='ltr'>stomachus</span> <span class='ocrx_word' id='word_1_161' title='bbox 1051 1958 1119 2000; x_wconf 91' lang='lat' dir='ltr'>eon·</span> 
     </span>
     <span class='ocr_line' id='line_1_21' title="bbox 64 2023 1155 2106; baseline -0.002 -23"><span class='ocrx_word' id='word_1_162' title='bbox 64 2043 91 2083; x_wconf 78' lang='lat' dir='ltr'>eo</span> <span class='ocrx_word' id='word_1_163' title='bbox 105 2026 213 2103; x_wconf 90' lang='lat' dir='ltr'>rumpi.</span> <span class='ocrx_word' id='word_1_164' title='bbox 250 2023 335 2094; x_wconf 84' lang='lat' dir='ltr'>Quod</span> <span class='ocrx_word' id='word_1_165' title='bbox 355 2027 381 2085; x_wconf 92' lang='lat' dir='ltr'>si</span> <span class='ocrx_word' id='word_1_166' title='bbox 399 2043 415 2085; x_wconf 90' lang='lat' dir='ltr'>a</span> <span class='ocrx_word' id='word_1_167' title='bbox 432 2035 535 2086; x_wconf 90' lang='lat' dir='ltr'>ventre</span> <span class='ocrx_word' id='word_1_168' title='bbox 550 2024 673 2086; x_wconf 92' lang='lat' dir='ltr'>morbus</span> <span class='ocrx_word' id='word_1_169' title='bbox 688 2027 811 2106; x_wconf 89' lang='lat' dir='ltr'>orietur,</span> <span class='ocrx_word' id='word_1_170' title='bbox 830 2026 903 2086; x_wconf 88' lang='lat' dir='ltr'>haec</span> <span class='ocrx_word' id='word_1_171' title='bbox 918 2036 1007 2087; x_wconf 86' lang='lat' dir='ltr'>erunt</span> <span class='ocrx_word' id='word_1_172' title='bbox 1022 2029 1120 2104; x_wconf 87' lang='lat' dir='ltr'>signa:</span> <span class='ocrx_word' id='word_1_173' title='bbox 1139 2032 1155 2081; x_wconf 87' lang='lat'>8</span> 
     </span>
     <span class='ocr_line' id='line_1_22' title="bbox 104 2112 1119 2194; baseline 0.003 -23"><span class='ocrx_word' id='word_1_174' title='bbox 104 2113 214 2174; x_wconf 88' lang='lat' dir='ltr'>Venter</span> <span class='ocrx_word' id='word_1_175' title='bbox 232 2121 366 2174; x_wconf 90' lang='lat' dir='ltr'>vertetur</span> <span class='ocrx_word' id='word_1_176' title='bbox 384 2121 473 2192; x_wconf 90' lang='lat' dir='ltr'>atque</span> <span class='ocrx_word' id='word_1_177' title='bbox 492 2112 662 2174; x_wconf 90' lang='lat' dir='ltr'>turbabitur</span> <span class='ocrx_word' id='word_1_178' title='bbox 681 2123 711 2173; x_wconf 89' lang='lat' dir='ltr'>et</span> <span class='ocrx_word' id='word_1_179' title='bbox 728 2115 837 2174; x_wconf 90' lang='lat' dir='ltr'>sentiet</span> <span class='ocrx_word' id='word_1_180' title='bbox 854 2112 976 2174; x_wconf 90' lang='lat' dir='ltr'>crebros</span> <span class='ocrx_word' id='word_1_181' title='bbox 991 2112 1119 2194; x_wconf 88' lang='lat' dir='ltr'>dolores,</span> 
     </span>
     <span class='ocr_line' id='line_1_23' title="bbox 104 2199 1119 2283; baseline 0.001 -21"><span class='ocrx_word' id='word_1_182' title='bbox 104 2201 189 2262; x_wconf 89' lang='lat' dir='ltr'>cibus</span> <span class='ocrx_word' id='word_1_183' title='bbox 213 2209 243 2262; x_wconf 89' lang='lat' dir='ltr'>et</span> <span class='ocrx_word' id='word_1_184' title='bbox 266 2203 348 2280; x_wconf 91' lang='lat' dir='ltr'>potio</span> <span class='ocrx_word' id='word_1_185' title='bbox 372 2220 470 2262; x_wconf 86' lang='lat' dir='ltr'>amara</span> <span class='ocrx_word' id='word_1_186' title='bbox 493 2201 687 2282; x_wconf 91' lang='lat' dir='ltr'>videbuntur,</span> <span class='ocrx_word' id='word_1_187' title='bbox 713 2219 809 2279; x_wconf 91' lang='lat' dir='ltr'>genua</span> <span class='ocrx_word' id='word_1_188' title='bbox 833 2201 1001 2283; x_wconf 90' lang='lat' dir='ltr'>succident,</span> <span class='ocrx_word' id='word_1_189' title='bbox 1025 2199 1119 2263; x_wconf 92' lang='lat' dir='ltr'>lumbi</span> 
     </span>
     <span class='ocr_line' id='line_1_24' title="bbox 99 2290 1118 2371; baseline 0.002 -21"><span class='ocrx_word' id='word_1_190' title='bbox 99 2290 320 2371; x_wconf 81' lang='lat' dir='ltr'>gravabuntur,</span> <span class='ocrx_word' id='word_1_191' title='bbox 349 2290 575 2370; x_wconf 87' lang='lat' dir='ltr'>interscaplium</span> <span class='ocrx_word' id='word_1_192' title='bbox 602 2291 797 2352; x_wconf 90' lang='lat' dir='ltr'>contrahetur</span> <span class='ocrx_word' id='word_1_193' title='bbox 823 2299 979 2371; x_wconf 90' lang='lat' dir='ltr'>totumque</span> <span class='ocrx_word' id='word_1_194' title='bbox 1008 2309 1118 2371; x_wconf 90' lang='lat' dir='ltr'>corpus</span> 
     </span>
     <span class='ocr_line' id='line_1_25' title="bbox 103 2379 1116 2461; baseline 0.002 -22"><span class='ocrx_word' id='word_1_195' title='bbox 103 2379 304 2458; x_wconf 88' lang='lat' dir='ltr'>particulatim</span> <span class='ocrx_word' id='word_1_196' title='bbox 319 2379 498 2458; x_wconf 87' lang='lat' dir='ltr'>gravabitur,</span> <span class='ocrx_word' id='word_1_197' title='bbox 513 2379 710 2441; x_wconf 90' lang='lat' dir='ltr'>tardabuntur</span> <span class='ocrx_word' id='word_1_198' title='bbox 723 2381 823 2460; x_wconf 89' lang='lat' dir='ltr'>pedes,</span> <span class='ocrx_word' id='word_1_199' title='bbox 839 2382 923 2460; x_wconf 90' lang='lat' dir='ltr'>pigra</span> <span class='ocrx_word' id='word_1_200' title='bbox 937 2381 1009 2442; x_wconf 89' lang='lat' dir='ltr'>fient</span> <span class='ocrx_word' id='word_1_201' title='bbox 1019 2399 1116 2461; x_wconf 89' lang='lat' dir='ltr'>crura,</span> 
     </span>
     <span class='ocr_line' id='line_1_26' title="bbox 62 2468 1117 2547; baseline 0.004 -21"><span class='ocrx_word' id='word_1_202' title='bbox 62 2486 89 2528; x_wconf 82' lang='lat' dir='ltr'>ss</span> <span class='ocrx_word' id='word_1_203' title='bbox 102 2487 191 2529; x_wconf 90' lang='lat' dir='ltr'>renes</span> <span class='ocrx_word' id='word_1_204' title='bbox 219 2468 405 2529; x_wconf 90' lang='lat' dir='ltr'>indolescent</span> <span class='ocrx_word' id='word_1_205' title='bbox 429 2478 459 2528; x_wconf 89' lang='lat' dir='ltr'>et</span> <span class='ocrx_word' id='word_1_206' title='bbox 481 2468 645 2547; x_wconf 86' lang='lat' dir='ltr'>posthaec</span> <span class='ocrx_word' id='word_1_207' title='bbox 668 2469 830 2531; x_wconf 82' lang='lat' dir='ltr'>febriculae</span> <span class='ocrx_word' id='word_1_208' title='bbox 853 2472 1017 2531; x_wconf 90' lang='lat' dir='ltr'>incurrent.</span> <span class='ocrx_word' id='word_1_209' title='bbox 1064 2469 1117 2530; x_wconf 91' lang='lat' dir='ltr'>His</span> 
     </span>
     <span class='ocr_line' id='line_1_27' title="bbox 102 2556 1117 2637; baseline 0 -19"><span class='ocrx_word' id='word_1_210' title='bbox 102 2559 203 2637; x_wconf 89' lang='lat' dir='ltr'>itaquo</span> <span class='ocrx_word' id='word_1_211' title='bbox 227 2559 355 2636; x_wconf 90' lang='lat' dir='ltr'>cognitis</span> <span class='ocrx_word' id='word_1_212' title='bbox 378 2560 473 2636; x_wconf 93' lang='lat' dir='ltr'>prima</span> <span class='ocrx_word' id='word_1_213' title='bbox 494 2565 541 2618; x_wconf 91' lang='lat' dir='ltr'>est</span> <span class='ocrx_word' id='word_1_214' title='bbox 559 2556 755 2620; x_wconf 89' lang='lat' dir='ltr'>abstinentiae</span> <span class='ocrx_word' id='word_1_215' title='bbox 774 2559 895 2621; x_wconf 86' lang='lat' dir='ltr'>utilitas.</span> <span class='ocrx_word' id='word_1_216' title='bbox 932 2559 1008 2620; x_wconf 87' lang='lat' dir='ltr'>Tum</span> <span class='ocrx_word' id='word_1_217' title='bbox 1028 2561 1117 2620; x_wconf 90' lang='lat' dir='ltr'>etiam</span> 
     </span>
     <span class='ocr_line' id='line_1_28' title="bbox 101 2645 1117 2730; baseline 0.001 -24"><span class='ocrx_word' id='word_1_218' title='bbox 101 2646 328 2708; x_wconf 89' lang='lat' dir='ltr'>medicamentis</span> <span class='ocrx_word' id='word_1_219' title='bbox 360 2645 456 2707; x_wconf 87' lang='lat' dir='ltr'>alvum</span> <span class='ocrx_word' id='word_1_220' title='bbox 484 2648 607 2726; x_wconf 88' lang='lat' dir='ltr'>purgari</span> <span class='ocrx_word' id='word_1_221' title='bbox 634 2648 796 2730; x_wconf 85' lang='lat' dir='ltr'>oportebit,</span> <span class='ocrx_word' id='word_1_222' title='bbox 829 2657 863 2710; x_wconf 92' lang='lat' dir='ltr'>ut</span> <span class='ocrx_word' id='word_1_223' title='bbox 890 2666 977 2727; x_wconf 92' lang='lat' dir='ltr'>grave</span> <span class='ocrx_word' id='word_1_224' title='bbox 1007 2665 1117 2726; x_wconf 93' lang='lat' dir='ltr'>corpus</span> 
     </span>
     <span class='ocr_line' id='line_1_29' title="bbox 101 2734 1116 2816; baseline 0.003 -22"><span class='ocrx_word' id='word_1_225' title='bbox 101 2734 275 2797; x_wconf 91' lang='lat' dir='ltr'>levamentis</span> <span class='ocrx_word' id='word_1_226' title='bbox 293 2738 421 2797; x_wconf 90' lang='lat' dir='ltr'>iuvetur.</span> <span class='ocrx_word' id='word_1_227' title='bbox 468 2735 553 2806; x_wconf 83' lang='lat' dir='ltr'>Quod</span> <span class='ocrx_word' id='word_1_228' title='bbox 573 2739 599 2796; x_wconf 93' lang='lat' dir='ltr'>si</span> <span class='ocrx_word' id='word_1_229' title='bbox 616 2737 740 2798; x_wconf 89' lang='lat' dir='ltr'>morbus</span> <span class='ocrx_word' id='word_1_230' title='bbox 759 2741 853 2799; x_wconf 89' lang='lat' dir='ltr'>maior</span> <span class='ocrx_word' id='word_1_231' title='bbox 876 2754 1013 2816; x_wconf 89' lang='lat' dir='ltr'>premere</span> <span class='ocrx_word' id='word_1_232' title='bbox 1037 2736 1116 2797; x_wconf 91' lang='lat' dir='ltr'>vide·</span> 
     </span>
     <span class='ocr_line' id='line_1_30' title="bbox 102 2822 1116 2905; baseline 0.002 -23"><span class='ocrx_word' id='word_1_233' title='bbox 102 2822 201 2905; x_wconf 91' lang='lat' dir='ltr'>bitur,</span> <span class='ocrx_word' id='word_1_234' title='bbox 229 2825 339 2886; x_wconf 90' lang='lat' dir='ltr'>adicies</span> <span class='ocrx_word' id='word_1_235' title='bbox 367 2825 492 2885; x_wconf 87' lang='lat' dir='ltr'>alterum</span> <span class='ocrx_word' id='word_1_236' title='bbox 520 2825 600 2884; x_wconf 90' lang='lat' dir='ltr'>diem</span> <span class='ocrx_word' id='word_1_237' title='bbox 627 2825 836 2905; x_wconf 88' lang='lat' dir='ltr'>abstinentiae,</span> <span class='ocrx_word' id='word_1_238' title='bbox 865 2829 890 2886; x_wconf 93' lang='lat' dir='ltr'>si</span> <span class='ocrx_word' id='word_1_239' title='bbox 916 2832 1014 2885; x_wconf 90' lang='lat' dir='ltr'>tamen</span> <span class='ocrx_word' id='word_1_240' title='bbox 1038 2827 1116 2885; x_wconf 92' lang='lat' dir='ltr'>vires</span> 
     </span>
     <span class='ocr_line' id='line_1_31' title="bbox 65 2913 1117 2992; baseline 0.005 -25"><span class='ocrx_word' id='word_1_241' title='bbox 65 2927 93 2966; x_wconf 83' lang='lat' dir='ltr'>eo</span> <span class='ocrx_word' id='word_1_242' title='bbox 105 2913 269 2988; x_wconf 84' lang='lat' dir='ltr'>patientur:</span> <span class='ocrx_word' id='word_1_243' title='bbox 297 2915 342 2974; x_wconf 90' lang='lat' dir='ltr'>sin</span> <span class='ocrx_word' id='word_1_244' title='bbox 369 2915 477 2992; x_wconf 89' lang='lat' dir='ltr'>minus,</span> <span class='ocrx_word' id='word_1_245' title='bbox 506 2929 593 2990; x_wconf 92' lang='lat' dir='ltr'>qnam</span> <span class='ocrx_word' id='word_1_246' title='bbox 618 2913 802 2973; x_wconf 89' lang='lat' dir='ltr'>levissimum</span> <span class='ocrx_word' id='word_1_247' title='bbox 826 2931 926 2973; x_wconf 91' lang='lat' dir='ltr'>sumes</span> <span class='ocrx_word' id='word_1_248' title='bbox 950 2913 1059 2992; x_wconf 90' lang='lat' dir='ltr'>cibum,</span> <span class='ocrx_word' id='word_1_249' title='bbox 1083 2921 1117 2972; x_wconf 91' lang='lat' dir='ltr'>nt</span> 
     </span>
     <span class='ocr_line' id='line_1_32' title="bbox 106 2998 1117 3077; baseline 0.002 -20"><span class='ocrx_word' id='word_1_250' title='bbox 106 3016 194 3059; x_wconf 93' lang='lat' dir='ltr'>ovum</span> <span class='ocrx_word' id='word_1_251' title='bbox 217 2999 324 3062; x_wconf 89' lang='lat' dir='ltr'>sorbile</span> <span class='ocrx_word' id='word_1_252' title='bbox 346 3009 463 3062; x_wconf 86' lang='lat' dir='ltr'>tantum</span> <span class='ocrx_word' id='word_1_253' title='bbox 487 3007 539 3059; x_wconf 90' lang='lat' dir='ltr'>aut</span> <span class='ocrx_word' id='word_1_254' title='bbox 558 2998 669 3077; x_wconf 89' lang='lat' dir='ltr'>aliquid</span> <span class='ocrx_word' id='word_1_255' title='bbox 688 3017 742 3058; x_wconf 93' lang='lat' dir='ltr'>ovo</span> <span class='ocrx_word' id='word_1_256' title='bbox 761 2999 856 3058; x_wconf 87' lang='lat' dir='ltr'>simile</span> <span class='ocrx_word' id='word_1_257' title='bbox 876 3001 1012 3076; x_wconf 89' lang='lat' dir='ltr'>accipias.</span> <span class='ocrx_word' id='word_1_258' title='bbox 1054 2998 1117 3059; x_wconf 89' lang='lat' dir='ltr'>lloo</span> 
     </span>
     <span class='ocr_line' id='line_1_33' title="bbox 105 3084 1117 3172; baseline -0.002 -24"><span class='ocrx_word' id='word_1_259' title='bbox 105 3090 157 3166; x_wconf 91' lang='lat' dir='ltr'>qui</span> <span class='ocrx_word' id='word_1_260' title='bbox 179 3088 352 3172; x_wconf 89' lang='lat' dir='ltr'>neglegunt,</span> <span class='ocrx_word' id='word_1_261' title='bbox 380 3090 456 3151; x_wconf 88' lang='lat' dir='ltr'>liunt</span> <span class='ocrx_word' id='word_1_262' title='bbox 480 3087 596 3168; x_wconf 79' lang='lat' dir='ltr'>cyliani,</span> <span class='ocrx_word' id='word_1_263' title='bbox 625 3086 794 3166; x_wconf 89' lang='lat' dir='ltr'>torminosi,</span> <span class='ocrx_word' id='word_1_264' title='bbox 818 3084 1004 3165; x_wconf 78' lang='lat' dir='ltr'>dysinterici,</span> <span class='ocrx_word' id='word_1_265' title='bbox 1029 3087 1117 3146; x_wconf 86' lang='lat' dir='ltr'>etiam</span> 
     </span>
     <span class='ocr_line' id='line_1_34' title="bbox 103 3173 1117 3256; baseline -0.001 -20"><span class='ocrx_word' id='word_1_266' title='bbox 103 3194 138 3237; x_wconf 83' lang='lat' dir='ltr'>ex</span> <span class='ocrx_word' id='word_1_267' title='bbox 167 3196 202 3238; x_wconf 91' lang='lat' dir='ltr'>eo</span> <span class='ocrx_word' id='word_1_268' title='bbox 231 3187 396 3240; x_wconf 88' lang='lat' dir='ltr'>nascuntur</span> <span class='ocrx_word' id='word_1_269' title='bbox 424 3179 568 3238; x_wconf 89' lang='lat' dir='ltr'>tertianae</span> <span class='ocrx_word' id='word_1_270' title='bbox 597 3184 627 3237; x_wconf 89' lang='lat' dir='ltr'>et</span> <span class='ocrx_word' id='word_1_271' title='bbox 656 3183 829 3256; x_wconf 88' lang='lat' dir='ltr'>quartanae,</span> <span class='ocrx_word' id='word_1_272' title='bbox 863 3174 938 3234; x_wconf 86' lang='lat' dir='ltr'>dunt</span> <span class='ocrx_word' id='word_1_273' title='bbox 964 3173 1117 3253; x_wconf 86' lang='lat' dir='ltr'>podagrici</span> 
     </span>
    </p>
   </div>
   <div class='ocr_carea' id='block_1_4' title="bbox 99 3327 1117 3618">
    <p class='ocr_par' dir='ltr' id='par_1_4' title="bbox 99 3327 1117 3618">
     <span class='ocr_line' id='line_1_35' title="bbox 173 3327 1117 3401; baseline -0.003 -14"><span class='ocrx_word' id='word_1_274' title='bbox 173 3334 317 3401; x_wconf 80' lang='lat' dir='ltr'>2capeat</span> <span class='ocrx_word' id='word_1_275' title='bbox 334 3335 350 3384; x_wconf 92' lang='lat'><strong><em>1</em></strong></span> <span class='ocrx_word' id='word_1_276' title='bbox 357 3348 383 3385; x_wconf 86' lang='lat' dir='ltr'>m</span> <span class='ocrx_word' id='word_1_277' title='bbox 403 3329 498 3400; x_wconf 76' lang='lat' dir='ltr'>capiet</span> <span class='ocrx_word' id='word_1_278' title='bbox 516 3336 575 3388; x_wconf 81' lang='lat' dir='ltr'>2m.</span> <span class='ocrx_word' id='word_1_279' title='bbox 685 3329 849 3384; x_wconf 79' lang='lat' dir='ltr'>8nnscitur</span> <span class='ocrx_word' id='word_1_280' title='bbox 871 3345 921 3384; x_wconf 90' lang='lat' dir='ltr'>om.</span> <span class='ocrx_word' id='word_1_281' title='bbox 1017 3327 1117 3398; x_wconf 84' lang='lat' dir='ltr'>incipit</span> 
     </span>
     <span class='ocr_line' id='line_1_36' title="bbox 101 3400 1117 3474; baseline 0 -18"><span class='ocrx_word' id='word_1_282' title='bbox 101 3403 199 3473; x_wconf 83' lang='lat' dir='ltr'>ceput]</span> <span class='ocrx_word' id='word_1_283' title='bbox 223 3402 254 3456; x_wconf 89' lang='lat' dir='ltr'>in</span> <span class='ocrx_word' id='word_1_284' title='bbox 277 3400 363 3469; x_wconf 76' lang='lat' dir='ltr'>ceput</span> <span class='ocrx_word' id='word_1_285' title='bbox 381 3403 487 3457; x_wconf 76' lang='lat' dir='ltr'>additio</span> <span class='ocrx_word' id='word_1_286' title='bbox 504 3418 591 3472; x_wconf 83' lang='lat' dir='ltr'>snpra</span> <span class='ocrx_word' id='word_1_287' title='bbox 609 3404 710 3458; x_wconf 78' lang='lat' dir='ltr'>lineam</span> <span class='ocrx_word' id='word_1_288' title='bbox 728 3401 798 3469; x_wconf 81' lang='lat' dir='ltr'>cipit</span> <span class='ocrx_word' id='word_1_289' title='bbox 815 3401 939 3474; x_wconf 73' lang='lat' dir='ltr'>syllabis.</span> <span class='ocrx_word' id='word_1_290' title='bbox 1014 3405 1047 3454; x_wconf 81' lang='lat'>14</span> <span class='ocrx_word' id='word_1_291' title='bbox 1065 3400 1117 3456; x_wconf 83' lang='lat' dir='ltr'>be-</span> 
     </span>
     <span class='ocr_line' id='line_1_37' title="bbox 99 3471 1117 3538; baseline 0.002 -12"><span class='ocrx_word' id='word_1_292' title='bbox 99 3473 176 3528; x_wconf 86' lang='lat' dir='ltr'>lineo</span> <span class='ocrx_word' id='word_1_293' title='bbox 194 3478 253 3538; x_wconf 79' lang='lat' dir='ltr'>lm,</span> <span class='ocrx_word' id='word_1_294' title='bbox 271 3488 347 3527; x_wconf 80' lang='lat' dir='ltr'>nvnc</span> <span class='ocrx_word' id='word_1_295' title='bbox 365 3472 376 3527; x_wconf 92' lang='lat' dir='ltr'>i</span> <span class='ocrx_word' id='word_1_296' title='bbox 393 3473 486 3529; x_wconf 81' lang='lat' dir='ltr'>littera</span> <span class='ocrx_word' id='word_1_297' title='bbox 504 3489 583 3528; x_wconf 87' lang='lat' dir='ltr'>evasa</span> <span class='ocrx_word' id='word_1_298' title='bbox 600 3480 647 3528; x_wconf 83' lang='lat' dir='ltr'>est.</span> <span class='ocrx_word' id='word_1_299' title='bbox 711 3477 746 3526; x_wconf 79' lang='lat'>28</span> <span class='ocrx_word' id='word_1_300' title='bbox 764 3471 941 3529; x_wconf 82' lang='lat' dir='ltr'>ridebuntur.</span> <span class='ocrx_word' id='word_1_301' title='bbox 1004 3478 1038 3526; x_wconf 76' lang='lat'>29</span> <span class='ocrx_word' id='word_1_302' title='bbox 1058 3471 1117 3528; x_wconf 84' lang='lat' dir='ltr'>ndi·</span> 
     </span>
     <span class='ocr_line' id='line_1_38' title="bbox 101 3542 761 3618; baseline 0.006 -21"><span class='ocrx_word' id='word_1_303' title='bbox 101 3545 167 3598; x_wconf 82' lang='lat' dir='ltr'>cies.</span> <span class='ocrx_word' id='word_1_304' title='bbox 242 3549 276 3599; x_wconf 79' lang='lat'>30</span> <span class='ocrx_word' id='word_1_305' title='bbox 295 3542 445 3599; x_wconf 88' lang='lat' dir='ltr'>levissime.</span> <span class='ocrx_word' id='word_1_306' title='bbox 519 3550 552 3599; x_wconf 78' lang='lat'>32</span> <span class='ocrx_word' id='word_1_307' title='bbox 574 3543 761 3618; x_wconf 79' lang='lat' dir='ltr'>dissynterioi.</span> 
     </span>
    </p>
   </div>
   <div class='ocr_carea' id='block_1_5' title="bbox 0 0 1224 3802">
    <p class='ocr_par' dir='ltr' id='par_1_5' title="bbox 0 0 1224 3802">
     <span class='ocr_line' id='line_1_39' title="bbox 0 0 1224 3802; baseline 0 1"><span class='ocrx_word' id='word_1_308' title='bbox 0 0 1224 3802; x_wconf 95' lang='lat' dir='ltr'> </span> 
     </span>
    </p>
   </div>
  </div>
 </body>
</html>
