2438 3802
507 175 721 238 ,27-

105 339 232 398 castorei
252 336 277 396 ll
296 336 316 396 l.
350 336 502 397 'l'eruntur
525 336 714 397 haecomnia
736 356 803 398 cum
826 347 907 399 aceto
928 348 957 399 et
975 341 1050 400 liunt
1068 358 1117 418 pa·

105 425 190 507 stilli;
223 444 291 486 cum
319 444 394 505 opus
423 433 482 505 est,
513 425 668 486 diluuntur
696 435 779 487 aceto
807 436 838 487 et
865 445 933 487 rosa
961 429 992 486 in
1021 428 1116 488 mellis

106 515 330 595 spissitudinem
354 525 441 594 atque
464 517 505 574 ita
529 515 611 574 lrons
631 524 660 575 et
679 524 812 595 tempora
832 515 1013 576 oblinuntur.
1047 516 1152 577 Per-6

67 618 72 632 “
105 612 243 664 manente
275 621 345 664 vero
379 605 483 682 capitis
521 603 622 664 dolore
659 606 812 665 materiam
851 622 970 684 quoque
1005 607 1117 665 umoris

77 703 223 772 soportet
246 691 402 752 detrahere
426 711 462 752 ex
487 711 521 753 eo
544 711 599 771 per
626 711 715 754 neres
743 693 788 753 vel
806 707 865 772 'per
892 712 939 775 os3
970 712 1045 772 quae
1069 711 1118 754 res

106 785 193 842 etiam
217 781 380 842 auriculam
397 781 442 841 vel
463 781 581 842 dentem
606 780 774 842 dolentibus
797 783 921 860 prodest
943 801 999 843 uec
1018 785 1118 843 minus

104 873 151 952 iis,
170 870 279 948 quibus
294 870 409 930 subitae
425 871 585 948 vertigines
600 869 804 953 obversantur,
820 890 895 951 quos
910 874 1118 932 scotomaticos

106 959 211 1019 Graeci
234 959 350 1040 dicunt3
373 961 443 1019 item
464 958 605 1019 comitiali
624 959 727 1019 morbo
746 962 892 1040 correptis
912 960 1041 1040 prodest,
1065 961 1117 1021 sed

94 1056 136 1108 vet
159 1047 283 1126 caligine
306 1047 454 1127 inpeditos
479 1066 514 1107 ex
536 1065 641 1125 magna
660 1056 745 1126 parte
764 1047 847 1109 levat.
885 1048 1000 1109 Debent
1018 1056 1118 1110 autem

64 1155 91 1194 ro
105 1139 127 1197 ii
149 1136 285 1197 homines
309 1137 403 1216 pridie
427 1136 577 1197 abstinere
601 1144 631 1196 et
654 1137 859 1216 superioribus
882 1137 987 1198 diebus
1011 1156 1118 1216 aquam

104 1227 216 1304 potare.
254 1225 312 1285 Per
341 1243 427 1285 nares
451 1244 522 1304 ergo
545 1232 692 1304 purgatur
715 1234 804 1304 caput
826 1225 873 1285 his
896 1225 986 1286 rebus
1011 1226 1153 1286 inlusis?

104 1333 158 1394 per
172 1332 275 1395 cornu,
290 1313 368 1393 quod
384 1314 495 1374 Graece
510 1313 721 1392 rbinencbytes
738 1321 873 1375 vocatur:
896 1313 1030 1374 Hederae
1045 1333 1117 1375 suco

104 1421 159 1481 per
186 1421 217 1463 se
245 1402 292 1462 vel
319 1403 404 1463 betae
428 1420 501 1463 suco
530 1421 598 1463 cum
627 1403 734 1481 exiguo
757 1401 831 1462 flore
854 1405 931 1462 aeris
954 1402 999 1462 vel
1024 1403 1116 1483 cycla-

44 1558 46 1563 .
105 1493 194 1552 minis
227 1510 298 1552 suco
331 1493 424 1552 mixto
456 1491 532 1551 lacte
567 1498 618 1551 aut
650 1509 725 1570 aqua
752 1493 817 1570 pari
844 1509 991 1551 mensura.
1038 1491 1153 1551 Bene8

65 1595 91 1637 ro
107 1580 237 1641 detrabit
269 1599 285 1641 e
318 1579 440 1640 naribus
472 1580 620 1659 liquorem
653 1588 682 1640 et
715 1579 788 1640 haec
820 1581 999 1659 conpositio:
1033 1579 1117 1660 Salis,

106 1671 187 1749 nitri,
210 1671 294 1750 aceti,
316 1669 373 1729 olei
392 1671 510 1743 veteris,
530 1668 635 1750 mellis,
656 1668 839 1748 singularum
857 1687 960 1729 rerum
979 1668 1004 1727 ll
1024 1668 1119 1750 binos,

106 1756 276 1836 cyclaminis
303 1759 380 1838 suci,
410 1757 562 1837 staphidos
585 1761 695 1837 agrius,
724 1775 812 1837 quam
835 1756 957 1818 herbam
982 1756 1119 1834 peducla·

105 1849 193 1928 riam,
227 1847 304 1925 quod
333 1865 384 1907 eos
411 1855 510 1928 necat,
544 1847 663 1925 quidam
692 1846 851 1928 appellant,
881 1845 1066 1924 singulorum
1093 1845 1119 1905 ll

104 1934 199 1996 binos
246 1929 325 1995 llaec
358 1937 389 1995 in
421 1953 515 1995 unum
547 1937 639 1994 mixta
667 1934 788 1994 naribus
816 1952 870 2012 per
898 1952 993 1994 cornu
1021 1935 1119 1994 inlun-

65 2024 230 2105 roduntur,
263 2024 309 2084 vel
341 2026 432 2102 pinna
464 2023 598 2101 longiore
632 2040 719 2081 nares
751 2023 877 2080 interius
909 2021 1118 2098 perfricantur.

106 2112 180 2174 Cum
208 2116 280 2173 satis
303 2115 399 2173 visum
423 2113 513 2173 luerit
536 2111 658 2172 lluxisse
682 2110 796 2169 umoris
822 2116 873 2168 aut
896 2109 1062 2189 sanguinis,
1086 2118 1120 2170 ut

104 2203 294 2282 reprimatur,
318 2220 393 2280 aqua
417 2201 523 2280 lrigida
547 2217 622 2278 pura
645 2215 733 2258 nares
757 2197 869 2258 diutius
898 2195 979 2258 oblui
1002 2205 1120 2275 oportet

104 2290 151 2350 vel
174 2309 263 2351 croco
287 2292 317 2351 in
341 2289 444 2350 eadem
467 2299 616 2351 macerato
636 2287 740 2368 pridie.
779 2286 837 2348 Sed
857 2289 882 2348 si
900 2304 955 2366 per
973 2304 1006 2346 os
1026 2289 1120 2367 magis
1139 2302 1155 2350 9

106 2379 262 2440 detrahere
292 2381 406 2440 umoris
435 2381 588 2439 materiam
616 2380 713 2438 visum
742 2378 845 2458 luerit,
874 2379 941 2456 quia
971 2394 1030 2436 non
1055 2378 1120 2438 sine

65 2483 92 2525 re
105 2475 254 2529 tormento
288 2468 415 2546 quodam
447 2487 501 2547 per
533 2485 621 2528 nares
653 2485 688 2528 ea
720 2466 891 2545 deducitur,
929 2465 1120 2527 suadebimus

105 2557 239 2636 pyrethri
267 2556 429 2617 radiculam
457 2557 702 2617 commanducare
726 2564 814 2636 atque
838 2554 963 2615 subinde
988 2555 1120 2616 hiantem

105 2647 167 2724 pati
193 2645 319 2706 lluorem
348 2644 468 2726 salivae,
496 2645 542 2705 vel
569 2664 656 2706 uvam
684 2663 800 2724 passam
829 2663 896 2705 cum
925 2646 1038 2723 piperis
1062 2643 1121 2704 albi

106 2734 228 2794 totidem
257 2736 358 2812 granis
384 2734 519 2794 dabimus
543 2733 844 2794 commanducandam
873 2741 902 2792 et
926 2733 1121 2812 expuendam,

108 2839 201 2899 aeque
233 2825 311 2883 euim
345 2832 374 2884 et
405 2823 478 2883 haec
510 2822 661 2881 deducunt
690 2823 836 2898 pituitam.
882 2820 962 2881 Bene
992 2822 1063 2882 lacit
1092 2828 1122 2880 et

68 2933 96 2973 so
111 2911 213 2987 senapi
235 2904 273 2970 ex'
292 2919 376 2972 aceto
400 2913 517 2987 tritum,
542 2908 593 2966 sed
617 2925 677 2966 non
700 2916 913 2986 excastratum,
937 2912 1121 2986 gargarizare

110 2998 198 3058 trium
227 3000 400 3080 cyathorum
429 3013 569 3057 mensura
598 2993 726 3053 admixta
753 2992 849 3052 mellis
873 2992 947 3053 libra
972 3013 1043 3074 una3
1072 2993 1122 3054 de·

107 3086 198 3148 trabit
217 3091 296 3149 enim
315 3089 436 3149 ethaeo
456 3084 622 3162 conpositio
642 3081 762 3159 largiter
780 3081 926 3159 pituitam.
960 3081 1032 3142 Cum
1049 3099 1120 3141 vero
1142 3095 1175 3144 10

106 3175 157 3237 diu
186 3186 277 3257 caput
301 3176 393 3257 dolet,
422 3183 452 3236 et
476 3173 632 3234 adtonderi
655 3171 789 3249 pressius
813 3176 843 3229 et
866 3167 968 3229 adradi
991 3169 1122 3249 prodest,

105 3274 139 3326 ut
166 3268 263 3345 possit
291 3265 404 3326 diutius
432 3265 546 3342 fricari,
575 3270 605 3322 et
632 3278 707 3341 aqua
736 3259 829 3321 calida
857 3258 951 3318 loveri
979 3276 1052 3336 pura
1077 3256 1123 3318 vel
1184 3252 1186 3256 ’

176 3400 347 3455 thumoris.
392 3398 633 3455 lscutometicos.
670 3395 862 3452 8cumiciele.
903 3399 934 3448 10
950 3393 992 3449 hii
1007 3392 1113 3448 omines

104 3470 250 3528 abstineri.
299 3477 331 3525 12
350 3469 518 3540 rhineeytes.
565 3474 598 3523 21
618 3469 750 3523 humoris.
798 3473 832 3522 26
850 3465 958 3536 pyretri
1007 3471 1040 3521 2⁷
1060 3480 1108 3521 curt

110 3558 160 3599 orn.
198 3547 234 3597 28
253 3541 548 3598 cummenduccndam.
585 3545 620 3597 29
639 3541 742 3612 heque.
778 3544 817 3595 it
834 3537 947 3595 turrem
961 3555 1065 3594 uuum.
