2438 3802
480 173 517 182 -
566 134 720 201 285-

88 319 156 362 rum
185 298 300 360 vitellos
323 307 385 359 tres
408 301 438 359 in
463 317 555 359 uuum
578 297 774 377 permiscehis
797 297 944 378 simulque
969 307 1027 360 tam
1051 299 1102 359 diu

89 399 184 467 teres,
213 388 308 448 donec
334 387 371 447 ad
400 387 628 448 crassitudinem
656 387 752 448 mellis
775 387 918 468 adducas3
942 387 1047 448 deinde
1071 390 1102 447 in

88 477 226 558 pyxidem
257 476 368 536 condes
396 484 485 555 atque
513 495 549 536 81
578 495 625 556 ea,
658 495 727 538 cum
754 495 829 554 opus
858 477 962 556 luerit,
992 476 1103 555 cyliaco

90 568 177 626 nucis
205 564 353 625 avellanae
382 565 585 643 magnitudine
614 583 649 625 ex
678 567 758 645 vino,
787 567 813 625 si
841 567 905 626 sine
931 564 1014 625 febre
1038 565 1105 643 erit,

59 657 117 718 ssi
147 653 340 732 febricitabit‚
374 672 409 713 ex
437 672 512 732 aqua
541 653 634 714 calida
667 652 764 736 dabis;
797 656 871 714 mire
905 654 1102 731 celeriterque

90 741 258 804 subvenies.

181 830 241 892 Ova
264 831 472 908 decoquuntur
496 849 532 890 ex
556 837 649 909 aceto,
672 830 767 891 donec
790 831 992 913 indurescant,
1016 837 1046 890 et
1063 832 1104 889 vi·
1124 840 1157 889 77

91 918 155 980 telli
183 937 286 979 eornm
314 921 416 979 tostati
445 937 514 979 cum
544 921 647 998 pipere
672 921 737 979 esui
760 919 870 999 cyliaco
895 920 1016 1000 dantur,
1045 921 1104 979 cito

91 1007 257 1068 medentur.
300 1006 411 1068 Caseus
439 1007 545 1067 ovillus
575 1014 711 1068 vetustus
739 1009 770 1068 in
798 1007 865 1068 cibo
894 1017 1031 1086 sumptus
1058 1007 1158 1066 velas

50 1114 178 1159 88888118
206 1104 237 1156 81
264 1114 333 1156 81181
360 1098 429 1155 1188
458 1104 546 1174 potus
570 1095 679 1176 cyliaco
703 1097 849 1159 medetur.
890 1096 1012 1157 Cocleae
1036 1113 1105 1155 cum
1125 1106 1158 1155 78

92 1187 178 1246 188118
201 1187 265 1245 8818
286 1188 432 1245 contritae
456 1185 531 1244 duae
550 1192 580 1244 et
598 1203 652 1244 ova
671 1185 763 1244 cruda
782 1185 841 1245 duo
861 1193 891 1245 et
909 1187 990 1264 passi
1008 1183 1106 1262 cyathi

93 1274 161 1354 duo,
180 1292 272 1352 aquae
292 1273 390 1353 cyathi
408 1280 480 1354 tres,
499 1272 587 1333 simul
605 1275 751 1351 permixta
770 1275 868 1333 omnia
886 1291 920 1334 ac
939 1273 991 1333 diu
1010 1273 1105 1350 coagi-

93 1369 153 1422 tata
177 1369 205 1422 et
229 1366 353 1423 invaso
376 1361 461 1422 fictili
484 1361 623 1422 calefacta
646 1362 682 1422 ad
706 1361 826 1422 modum
846 1363 977 1443 potionis
996 1360 1106 1440 cyliaco

93 1450 160 1511 data
183 1451 351 1512 medentur.
386 1449 540 1530 Serpentis
564 1453 686 1510 exuviae
705 1469 774 1510 cum
793 1469 915 1511 rosaceo
934 1450 1105 1528 (188881188-
1125 1459 1159 1508 8ο

53 1558 79 1600 88
92 1547 143 1600 tur
165 1542 196 1600 in
220 1557 289 1600 vaso
313 1547 436 1617 stagneo
460 1547 490 1600 et
512 1546 616 1616 postea
639 1541 726 1600 tritae
751 1542 847 1600 ventri
869 1540 973 1620 cyliaci
991 1537 1106 1600 utiliter

92 1627 267 1688 inlinuntur.

182 1716 226 1776 nd
250 1735 353 1776 omnes
377 1716 505 1795 epiloras
529 1718 641 1776 ventris
666 1735 786 1777 caseum
808 1718 963 1777 vaccinum
988 1714 1107 1775 mollem
1127 1725 1158 1774 81

95 1803 223 1864 calidum
245 1803 355 1882 inponi
371 1813 497 1884 oportet,
521 1823 580 1882 quo
603 1812 738 1883 tempore
762 1804 950 1884 dysintericis
967 1805 1107 1908 potiones

95 1892 176 1951 ferro
200 1892 339 1953 candenti
362 1893 517 1954 calefactas
540 1893 605 1953 dari
623 1895 769 1954 convenit
806 1892 910 1954 Glust
897 1895 1014 1954 taurina
1033 1911 1108 1971 aqua
1127 1901 1161 1952 88

55 1999 83 2039 ao
98 1978 192 2040 calida
220 1979 350 2042 18881818
377 1982 482 2061 cyliaci
505 1984 616 2042 ventris
640 1981 786 2042 inflationi
808 1981 923 2042 utiliter
945 1983 1108 2084 inponitur.

185 2068 395 2131 Gravissimum
418 2073 530 2131 ventris
554 2072 658 2131 vitium
682 2079 728 2131 est
755 2069 843 2150 ileos,
871 2072 920 2130 cui
947 2071 1109 2129 maximum
1128 2079 1162 2129 83

94 2157 261 2219 remedium
280 2167 326 2219 est
344 2159 488 2238 discerpti
506 2158 725 2238 vespertilionis
742 2161 862 2237 sanguis
881 2158 983 2219 inlitus
1003 2160 1109 2219 ventri.

182 2246 437 2326 Frequentissime
466 2251 577 2328 evenit,
604 2255 638 2308 ut
664 2266 701 2308 ex
724 2247 856 2326 qualibet
879 2265 968 2309 causa
991 2246 1109 2307 subitus
1128 2257 1163 2307 84

95 2334 179 2395 dolor
202 2338 316 2397 ventris
336 2338 472 2418 exsistat3
496 2338 548 2397 sed
568 2339 618 2416 qui
637 2336 728 2397 talum
747 2336 859 2415 leporis
878 2354 980 2397 secum
999 2335 1108 2396 habue-

53 2440 81 2482 25
94 2425 142 2504 rit,
161 2424 333 2485 huiusmodi
352 2443 463 2504 casum,
482 2426 512 2485 id
530 2433 576 2486 est
590 2424 722 2486 subitum
737 2425 870 2486 dolorem
883 2426 1006 2505 ventris,
1025 2443 1110 2485 num-

95 2530 183 2590 quam
205 2515 349 2573 incurret.
391 2512 584 2592 Dysintericis
607 2513 745 2574 medetur
767 2532 852 2595 aqua,
875 2516 906 2574 in
926 2532 983 2592 qua
1001 2512 1110 2592 pilulae
1129 2522 1163 2572 85

94 2603 231 2679 cupressi
254 2601 394 2662 decoctae
417 2603 539 2682 luerint,
561 2620 630 2662 cum
653 2605 721 2662 vino
744 2610 863 2663 austero
883 2610 979 2680 epota.
1018 2601 1111 2680 Aqua,
1129 2611 1163 2659 88

94 2690 126 2748 18
150 2707 209 2767 qua
231 2688 308 2749 lauri
331 2690 400 2750 folia
422 2690 535 2751 luerint
558 2689 689 2772 decocta,
711 2693 796 2769 potui
819 2698 937 2770 sumpta
956 2693 1109 2751 intestino-

95 2793 163 2835 rum
187 2776 340 2838 doloribus
363 2778 507 2839 medetur.

55 2882 83 2922 oo
186 2863 230 2924 Ad
257 2865 436 2943 profluvium
464 2874 494 2926 et
521 2869 768 2927 incontinentiam
800 2869 912 2928 ventris
944 2865 1111 2927 remedium
1130 2875 1164 2924 87

98 2953 154 3013 sic:
178 2950 271 3013 Malva
295 2954 488 3015 circumfossa
511 2956 600 3035 ferro,
625 2955 705 3034 quod
728 2973 764 3014 ex
788 2962 913 3034 utraque
937 2963 1021 3035 parte
1043 2973 1111 3016 acu·

97 3048 159 3102 tam
181 3043 276 3102 aciem
298 3041 418 3124 habeat,
445 3051 475 3104 et
502 3046 636 3122 praecisa
662 3062 679 3103 a
702 3046 856 3122 superiore
880 3045 916 3104 ad
939 3045 1112 3106 inferiorem

98 3137 227 3210 partem,
255 3130 285 3191 id
314 3140 360 3192 est
388 3150 483 3211 usque
511 3133 548 3192 ad
576 3132 719 3212 radicem,
743 3132 850 3193 deinde
873 3133 956 3193 radix
980 3137 1045 3194 eius
1069 3136 1112 3193 in·

190 3282 344 3339 lvitellus
399 3282 1112 3355 8888818οοῦ1881881888888881818888.881181-

98 3353 172 3408 dem.
274 3353 465 3410 4888118888.
565 3356 669 3410 818811
689 3355 849 3411 0888818188.
941 3356 1111 3422 8811188188.

99 3430 134 3479 20
152 3423 292 3480 1811811881
310 3426 366 3480 ocri
405 3425 594 3482 ’.·1811811888.
658 3431 692 3479 23
712 3425 828 3480 subitos.
891 3431 925 3481 16
945 3424 1113 3493 (1881818881-
1178 3426 1182 3433 ‘

99 3495 148 3551 818.
222 3499 361 3567 2788818
392 3497 529 3568 8818818.
603 3496 827 3567 inpraecisum.
