2438 3802
481 189 519 198 —
571 154 721 218 101-

91 312 219 374 Faciunt
246 311 323 374 bene
351 313 387 374 ad
411 317 528 375 aurium
552 317 622 375 vitia
646 323 676 376 et
701 315 872 397 emplastra,
897 335 971 396 quae
996 320 1105 398 scripta
1126 333 1160 382 63

91 410 164 464 sunt
190 403 222 462 in
246 402 378 463 secundo
402 403 492 482 libro,
520 402 648 482 plurima
672 422 738 464 rosa
763 405 808 464 vel
831 405 1015 484 amygdalino
1038 409 1107 467 vino

90 491 199 570 diluta,
237 493 397 570 praecipue
431 511 506 571 quae
538 493 745 554 inscribuntur
777 493 928 573 Cyzicena.
983 493 1108 556 Terreni
1127 508 1162 558 64

89 598 209 641 vermes
242 598 311 640 cum
344 580 430 659 adipe
462 583 577 642 anseris
611 582 728 643 decocti
759 583 958 644 infunduntur
986 583 1108 644 auribus

61 677 196 730 econtra
224 671 283 729 iam
311 669 463 748 deplorata
492 672 570 732 vitia.
617 670 745 750 Spumae
771 674 886 751 argenti
909 663 949 758 ,Q
973 670 1023 751 Vl,
1051 671 1109 732 olei
1128 684 1162 736 ab

92 758 202 818 laurini
229 757 336 818 libram
363 765 444 818 teres
472 760 504 819 in
526 762 669 820 mortario
693 770 723 820 et
746 778 856 839 coques
880 760 916 821 ad
941 760 1108 840 spissitudi-

94 864 163 906 nem
195 845 289 906 mellis
322 854 352 907 et
380 847 530 908 auriculae
557 848 670 908 dolenti
698 848 845 910 infundes.
892 849 923 909 Si
951 860 1050 910 autem
1079 857 1110 910 et

95 943 205 1016 cetera,
224 953 296 1014 quae
315 937 392 996 inira
411 938 522 1014 scripta
537 945 616 1017 sunt,
630 937 779 1018 habueris,
799 938 900 999 eadem
920 939 1109 1000 medicamini

93 1023 284 1085 admiscebis:
307 1024 395 1085 Croci
419 1017 458 1110 9·
482 1024 503 1104 l,
528 1044 646 1086 mttrrae
671 1018 765 1112 211,
788 1031 993 1088 rosae‘siecae
1014 1020 1108 1113 3211.

50 1129 78 1169 10
92 1112 173 1173 llaec
197 1115 333 1174 universa
357 1116 470 1192 pariter
493 1114 632 1175 miscebis
656 1123 686 1175 et
709 1115 858 1176 auriculae
878 1116 991 1177 dolenti
1008 1117 1107 1176 inlun-

91 1202 160 1282 des,
184 1221 241 1280 qua
263 1221 296 1262 re
316 1201 434 1263 curabis
454 1210 484 1263 et
502 1205 723 1264 concretionem
743 1205 803 1264 sive
823 1206 1040 1283 ypersaroosim
1059 1221 1108 1263 au·

91 1292 184 1371 mum,
217 1293 244 1351 si
276 1291 367 1352 addes
396 1299 427 1351 et
459 1290 597 1352 aluminis
630 1291 735 1352 schisti
763 1284 803 1377 9·
832 1291 872 1372 ll,
904 1291 963 1351 olei
994 1291 1110 1352 cedrini

92 1379 214 1460 cyathos
236 1373 352 1466 ,plut
386 1380 536 1441 Adversus
555 1383 728 1460 gravitatem
747 1379 887 1440 audiendi
906 1379 946 1439 iel
963 1378 1107 1440 bubulum
1128 1398 1162 1446 ee

91 1487 161 1530 cum
184 1471 272 1529 urina
294 1469 372 1529 hirci
394 1469 553 1549 auriculae,
573 1488 648 1548 quae
667 1469 832 1529 molestiam
857 1467 1018 1547 surdiginis
1036 1469 1109 1545 pati-

51 1578 78 1618 ra
93 1567 159 1636 tur,
191 1557 349 1618 instillabis
378 1561 536 1636 statimqne
565 1558 731 1620 subvenies.
784 1557 914 1618 Auribus
942 1556 1109 1636 purulentis
1128 1573 1161 1624 aa

93 1649 206 1707 nitrum
221 1649 290 1707 vino
307 1647 499 1726 liquefactum
517 1657 598 1709 recte
616 1649 794 1727 infunditur,
813 1649 883 1726 qnia
902 1649 1002 1707 statim
1021 1645 1109 1723 prod-

93 1744 148 1797 est.
194 1735 238 1796 ld
271 1739 388 1796 aurium
422 1735 567 1818 dolorem,
601 1756 676 1816 quae
708 1755 765 1816 pus
800 1739 951 1815 emittent,
982 1734 1110 1795 laridum
1128 1751 1162 1800 68

93 1827 331 1885 vetustissimum
354 1832 434 1886 teres
457 1827 488 1886 in
513 1828 654 1886 mortario
683 1833 713 1886 et
736 1843 841 1886 sucum
865 1823 949 1884 illum
972 1823 1037 1884 lana
1060 1822 1109 1883 de·

93 1913 180 1974 licata
213 1913 371 1975 collectum
404 1916 436 1974 in
469 1913 631 1975 auriculam
659 1916 792 1974 inmittas
822 1920 852 1973 et
880 1912 1006 1973 subinde
1034 1930 1110 1991 aqua

51 2025 79 2066 eo
93 2002 187 2064 calida
211 2003 323 2064 fovebis
347 2011 377 2064 et
400 2005 510 2064 iterum
534 2020 639 2063 sucum
662 2002 745 2062 illum
768 2001 917 2081 infundes,
939 2004 1014 2061 mira
1034 1999 1109 2060 velo·

94 2095 183 2153 citato
212 2092 337 2153 sanabis.
384 2092 535 2153 Pullinum
562 2092 737 2169 sanguinem
759 2090 894 2168 tepidum
917 2092 948 2149 in
972 2107 1036 2148 eam
1060 2105 1110 2148 au·
1129 2105 1162 2154 ee

93 2200 171 2262 rem,
202 2200 277 2259 quae
306 2181 464 2242 obtunsior
493 2182 551 2241 crit
577 2179 623 2240 vel
646 2179 770 2259 dolebit,
798 2178 946 2239 infundes.
991 2175 1111 2237 Lotium
1130 2194 1163 2243 το

94 2272 250 2348 caprinum
278 2270 335 2331 sub
364 2289 398 2331 eo
427 2278 592 2351 momento,
620 2288 679 2348 quo
709 2271 855 2349 egeritur,
884 2266 1016 2346 tepidum
1045 2267 1111 2326 auri

94 2359 240 2419 obtunsae
268 2360 416 2420 infundes.
462 2359 535 2438 Apri
562 2361 650 2420 etiam
678 2358 781 2419 lotium
805 2359 836 2418 in
860 2357 942 2417 lumo
965 2357 1110 2417 siccatum
1129 2372 1163 2422 11

52 2467 80 2509 sc
95 2455 125 2507 et
157 2448 243 2508 melle
273 2449 464 2528 liquefactum
494 2450 559 2509 auri
586 2448 755 2509 infunditur
782 2455 813 2509 et
840 2446 985 2507 remediat
1012 2445 1109 2506 surdi·

94 2536 224 2615 diginem
252 2537 298 2597 vel
326 2537 467 2598 dolorem.
512 2538 555 2597 lu
585 2541 665 2599 auris
689 2537 821 2599 dolorem
844 2535 903 2597 mel
926 2535 1109 2596 stillaticium
1129 2549 1162 2597 72

94 2644 170 2704 opus
194 2634 247 2706 est,
272 2627 350 2705 quod
375 2629 414 2686 ita
438 2626 538 2687 iacies.
571 2625 682 2688 Fanum
706 2627 871 2688 contundes
895 2634 926 2686 et
944 2623 1110 2703 suspendes

94 2716 125 2774 in
153 2715 244 2774 linteo
273 2715 367 2775 nitido
397 2724 427 2775 et
455 2716 548 2776 denso
576 2724 606 2775 et
630 2716 709 2794 quod
733 2716 941 2776 decucurrerit
964 2714 1111 2790 suscipies

61 2871 65 2877 ,
93 2792 255 2885 ἰυωΙίοες
279 2823 368 2883 quem
391 2803 514 2864 calicem
537 2811 639 2881 postea
662 2821 755 2881 pones
779 2806 810 2861 in
833 2801 922 2861 ollula
945 2800 1021 2860 labri
1041 2818 1110 2860 cnm

51 2914 80 2955 no
95 2891 189 2952 calida
212 2893 443 2970 ferventissima,
472 2899 615 2969 quantum
638 2889 714 2949 calix
738 2890 862 2949 sufferre
886 2890 994 2966 possit,
1022 2895 1111 2965 atque

94 2980 164 3041 inde
193 2980 360 3042 medicinali
385 2978 507 3058 specillo
530 2979 561 3036 in
585 2994 686 3038 aurem
715 2976 868 3055 infundes,
893 2992 967 3052 quae
991 2972 1112 3053 dolebit,

95 3088 183 3148 quam
209 3070 274 3130 lana
293 3070 422 3131 claudes.
468 3067 567 3128 lacere
593 3072 692 3125 autem
716 3063 805 3124 debet
827 3065 859 3122 in
882 3060 939 3121 alio
962 3060 1054 3121 latere
1077 3063 1113 3134 ls,

95 3161 145 3218 cui
169 3159 348 3220 medendum
368 3166 422 3234 est,
445 3167 505 3218 tam
528 3156 589 3235 diu,
612 3156 706 3215 donec
727 3151 876 3213 combibat
894 3149 952 3210 mel
971 3149 1051 3228 quod
1070 3153 1113 3209 in-

95 3247 195 3309 iusum
220 3248 319 3309 luerit.
367 3247 475 3307 Sabnci
498 3263 584 3308 uvam
608 3252 755 3304 maturam
783 3242 932 3320 exprimes
957 3248 988 3299 et
1010 3256 1113 3319 pones,
1133 3255 1167 3303 73

169 3383 240 3437 led
259 3399 309 3437 om.
398 3387 431 3435 12
451 3383 475 3436 si
493 3397 543 3438 om.
630 3379 741 3450 schisti]
761 3376 869 3432 scienti.
957 3382 989 3431 13
1010 3393 1024 3430 c
1044 3377 1113 3430 atos.

97 3458 132 3508 14
151 3454 236 3524 qnae]
255 3471 346 3522 quem.
445 3459 479 3508 23
498 3469 553 3522 quo
572 3451 709 3523 egeritur]
729 3449 822 3520 coegit
857 3492 863 3505 .
943 3453 1013 3503 290
1038 3447 1120 3500 olam

94 3523 186 3580 iuberi
276 3530 310 3578 30
329 3523 446 3580 sufferri.
519 3529 553 3579 a1
572 3521 696 3597 spicillo.
770 3527 807 3580 bb
827 3517 991 3578 cumdius-b.
