2438 3802
499 166 740 232 -230-

112 330 239 392 oucibus
257 329 445 408 iuglandibus
465 331 598 407 purgatis
618 347 652 389 ac
670 329 757 389 melle
776 329 869 389 inlitis
888 331 918 389 in
938 329 1004 389 ciho
1024 328 1133 390 datum

113 422 229 499 epatico
252 421 352 480 ieiuno
376 417 511 478 mirabile
537 426 591 478 est.

58 520 92 570 37
200 508 349 568 Procliani
372 507 480 566 medici
502 507 668 567 remedium
692 506 728 566 de
752 508 955 585 experimento
974 507 1010 567 ad
1030 509 1132 586 epatis

113 599 342 678 suppurationes
357 603 387 655 et
397 595 498 655 ulcera
514 603 544 655 et
554 604 734 674 apostemata
749 597 805 656 sic:
822 594 966 674 Sagapeni
975 597 1082 656 uncias
1092 595 1132 678 ll,

111 705 227 766 myrrae
252 684 458 763 troglodytidis
485 686 587 744 uncias
611 683 660 764 lll,
684 683 864 745 cardamomi
886 687 990 745 uncias
1008 683 1055 766 Vl,
1080 698 1160 746 cas

112 777 204 834 storei
224 775 326 833 uncias
345 772 394 845 lll,
413 774 525 851 piperis
545 771 603 832 albi
621 775 725 833 uncias
745 773 818 833 duas
837 782 888 832 aut
907 775 932 833 si
951 772 1051 833 album
1066 791 1131 834 non

111 862 211 942 fuerit,
230 859 353 940 duplum
373 861 409 921 de
430 863 513 939 uigro
533 863 642 942 mitteS,
662 863 722 941 opii
741 864 844 941 optimi
862 863 967 922 uncias
981 860 1016 922 ll.
1045 861 1129 923 Haec

111 952 209 1011 omnia
233 957 320 1010 tunsa
344 957 373 1009 et
397 949 525 1010 cribrata
548 969 602 1029 per
623 949 761 1029 impubes
780 969 890 1029 pueros
909 969 985 1030 aqua
1004 950 1130 1029 pluviali

109 1038 249 1099 miscebis
273 1046 303 1099 et
325 1039 416 1099 iacies
439 1040 605 1100 trochiscos
628 1039 665 1099 de
690 1038 769 1099 binis
797 1038 959 1119 drachmis,
988 1041 1041 1118 qui
1065 1049 1129 1100 tro·

111 1128 205 1188 chisci
232 1130 262 1187 in
290 1127 395 1188 umbra
419 1146 479 1188 non
502 1130 533 1188 in
557 1128 618 1189 sole
643 1130 806 1207 siccentur3
835 1130 905 1188 viris
932 1127 977 1188 vel
1001 1130 1129 1188 seniori·
1144 1141 1170 1182 10

109 1216 167 1277 bus
190 1219 332 1296 integros,
355 1219 457 1296 pueris
482 1216 528 1276 vel
551 1215 717 1277 minoribus
737 1216 875 1276 dimidios
895 1217 1062 1277 trochiscos
1081 1219 1127 1278 in·

110 1306 192 1366 lusos
211 1308 242 1366 in
261 1324 336 1384 aqua
358 1306 451 1366 calida
470 1305 562 1388 dabis,
582 1305 612 1365 id
632 1313 756 1365 estnon
776 1303 957 1366 febricitanti
977 1324 1045 1365 cum
1065 1307 1129 1366 vini

110 1397 221 1455 austeri
249 1396 325 1455 meri
353 1394 457 1474 cyatho
485 1412 559 1474 uno,
589 1395 707 1454 infirmo
736 1402 835 1454 autem
863 1412 899 1453 ex
928 1413 1001 1473 aqua
1031 1393 1128 1454 calida

110 1482 241 1564 dabitur,
265 1483 318 1543 sed
343 1482 451 1562 quibus
475 1482 654 1543 medendum
678 1485 744 1562 erit,
770 1482 844 1542 nihil
867 1484 977 1561 pingue
1001 1484 1127 1544 mandu-

110 1580 191 1652 cent,
219 1590 280 1632 non
308 1571 419 1646 oleum,
448 1589 508 1630 non
537 1588 670 1653 carnem,
699 1571 751 1631 sed
780 1570 816 1631 de
844 1571 1002 1632 lenticulae
1030 1571 1170 1634 larina1⁵

109 1660 223 1740 pultem
251 1678 319 1720 cum
348 1659 491 1739 oxymelle
520 1666 634 1720 coctam
667 1659 797 1719 admixto
825 1660 932 1720 anetho
966 1667 996 1720 et
1024 1659 1126 1739 puleio

109 1749 290 1810 manducent
314 1755 344 1808 et
366 1767 495 1830 poscam,
518 1755 711 1828 posteaquam
731 1766 870 1809 excreare
890 1748 936 1809 vel
955 1750 1039 1809 sitire
1058 1768 1126 1810 coe·

109 1840 219 1917 periut,
241 1837 370 1917 tepidam
394 1839 540 1916 accipiant
563 1845 594 1897 et
617 1838 727 1897 sensim
751 1836 863 1897 bibant.

56 1935 90 1984 38
199 1927 258 1997 Qui
280 1926 424 2005 palmulas
445 1925 576 2006 dactylos
600 1945 636 1986 ex
660 1933 743 1987 aceto
768 1926 941 2004 frequenter
965 1925 1126 1986 manduca-

56 2025 89 2073 39
111 2017 197 2097 verit,
230 2017 371 2076 iocineris
404 2015 506 2078 dolore
535 2014 656 2076 carebit.
702 2015 744 2075 lle
772 2014 835 2093 lupi
862 2014 984 2094 praeda,
1018 2014 1048 2075 id
1078 2023 1126 2076 est
1141 2030 1169 2069 2⁰

109 2105 146 2165 de
173 2105 309 2184 reliquiis
337 2107 469 2165 vervecis
498 2112 549 2165 aut
578 2122 683 2183 caprae
708 2113 759 2164 aut
782 2103 941 2178 cuiuslibet
965 2104 1124 2164 animantis

110 2212 198 2272 quam
222 2193 386 2254 comederit
409 2211 529 2254 carnem
552 2193 599 2253 vel
621 2192 730 2271 pellem
748 2191 795 2252 vel
814 2210 848 2252 os
866 2191 970 2271 collige
991 2199 1020 2252 et
1040 2209 1126 2253 serva

109 2291 139 2341 et
163 2281 280 2360 quando
304 2281 411 2360 aliquis
430 2284 514 2342 iecur
532 2280 671 2363 doluerit,
689 2281 758 2341 inde
777 2299 846 2341 eum
865 2288 961 2362 tange,
981 2283 1126 2342 continuo

109 2369 270 2429 sanabitur.

55 2468 90 2516 40
198 2456 359 2534 Origanum
382 2459 414 2516 in
438 2475 513 2535 aqua
537 2457 669 2535 decoque
689 2456 724 2517 ad
744 2459 848 2518 tertias
867 2466 898 2519 et
915 2465 1019 2537 postea
1038 2461 1124 2519 mitte
1140 2470 1168 2512 2⁶

109 2543 204 2605 mellis
229 2545 308 2624 quod
332 2545 461 2606 sufficiat
484 2551 573 2624 atque
597 2547 706 2606 iterum
731 2545 864 2625 decoque
888 2547 1060 2625 diligenter,
1091 2555 1126 2608 ut

109 2632 226 2714 bulliat,
254 2643 284 2694 et
311 2633 380 2694 inde
409 2634 445 2694 da
473 2635 588 2712 epatico
614 2635 715 2694 ieiuno
740 2635 818 2714 quod
843 2638 914 2696 satis
938 2638 977 2696 sit
1000 2635 1126 2697 adsidue

55 2733 89 2783 41
110 2722 284 2804 bibendum,
313 2722 396 2784 valde
423 2721 589 2785 subvenies.
631 2721 786 2784 Lacertam
809 2724 934 2785 viridem
957 2725 1070 2803 prende
1096 2734 1127 2786 ct

109 2812 146 2873 de
174 2820 260 2874 acuta
287 2821 372 2892 parte
402 2831 513 2874 caunac
536 2814 621 2874 iecur
645 2814 673 2874 ei
695 2812 765 2874 tolle
789 2816 873 2874 etin
896 2813 1054 2892 phoenicio
1078 2813 1126 2874 vel

107 2921 206 2982 panno
235 2902 410 2964 naturaliter
438 2903 524 2981 nigro
553 2899 639 2982 alliga
667 2909 755 2982 atque
784 2901 819 2962 ad
851 2903 984 2963 dextram
1008 2911 1125 2981 partem
1140 2915 1168 2956 ω

109 2991 210 3052 lateris
238 3000 289 3053 aut
317 2991 431 3053 brachii
455 2991 600 3053 laboranti
624 2993 739 3071 epatico
764 2991 926 3071 suspende,
953 2991 1004 3052 sed
1028 2993 1125 3052 vivam

108 3079 248 3141 lacertam
273 3081 388 3142 dimitte
408 3088 438 3141 et
457 3077 549 3141 dicito
568 3083 608 3141 ei:
635 3080 710 3141 Ecce
730 3079 847 3140 dimitto
867 3089 896 3140 tc
916 3082 1022 3158 vivam3
1047 3080 1126 3161 vide,

109 3177 143 3229 ut
166 3187 220 3247 ego
244 3188 453 3249 quemcunque
476 3169 545 3229 hinc
569 3171 695 3246 tetigero
719 3186 790 3247 epar
814 3186 873 3228 non
897 3168 1003 3230 doleat.

55 3267 90 3316 42
198 3257 242 3318 td
275 3258 414 3318 duritiam
444 3258 584 3317 iocineris
612 3256 800 3317 molliendam
828 3265 859 3317 ct
887 3256 1049 3336 quamlibet
1076 3275 1125 3317 ve·

109 3355 205 3406 terem
229 3346 360 3407 dolorem
385 3345 549 3406 sedandum
571 3344 648 3406 bene
672 3345 742 3406 facit
766 3345 881 3406 cunilae
903 3346 1011 3427 aridae,
1035 3364 1124 3424 quam
1138 3359 1168 3401 aa

110 3436 270 3495 satureiam
307 3434 426 3512 quidam
458 3441 582 3514 vocant,
614 3437 645 3494 in
678 3433 832 3512 pulverem
864 3435 1000 3496 redactae
1034 3435 1124 3495 dena-

101 3523 172 3581 rius
199 3539 278 3582 unus
306 3540 342 3583 ex
370 3520 460 3582 mulsi
488 3523 601 3604 cyathis
626 3521 759 3602 duobus,
793 3523 818 3582 si
846 3540 906 3582 non
933 3523 1124 3605 febricitabit,
