2438 3802
463 104 699 170 -163-

72 268 152 329 Haec
175 270 277 328 iuncta
301 286 337 327 ex
359 267 446 327 melle
470 271 581 346 optimo
606 267 786 347 temperabis
815 276 845 327 et
873 287 909 328 ex
937 285 972 328 eo
999 269 1086 329 nucis

73 355 219 436 avellanae
248 356 451 434 magnitudine
478 374 547 416 cum
575 374 650 435 aqua
678 356 772 416 calida
799 374 884 416 mane
913 358 1013 417 ieiuno
1039 355 1086 417 vel

73 448 161 506 etiam
190 444 305 523 digesto
333 445 368 504 ad
396 462 550 522 vesperam
574 444 665 504 dabis.
712 443 801 505 Valde
824 443 936 505 bonum
960 452 990 504 et
1013 445 1085 506 utile
1104 456 1139 506 54

24 591 26 594 ,
72 535 107 594 ad
137 543 251 594 tussem
279 532 469 613 qualemlibet
496 533 553 593 boc
581 534 746 593 remedium
775 540 834 594 est:
870 534 938 612 Apii
963 535 1085 593 seminis

45 616 194 708 594111,
217 622 387 702 hyoscyami
406 614 500 707 5111,
524 621 625 682 anethi
644 614 684 707 3·
705 620 767 702 llll,
792 623 852 700 opii
872 614 911 707 ,β
931 621 966 701 ll,
988 621 1085 682 mellis

73 711 152 789 quod
175 710 212 770 ad
235 710 414 789 colligendas
433 718 463 770 et
481 709 728 789 conglutinandae
746 712 861 789 species
881 728 971 788 supra
990 709 1084 770 dictas

74 799 209 878 sufficiat,
233 817 301 859 cum
324 802 354 860 in
378 799 531 878 pulverem
551 799 663 859 luerint
681 798 827 860 redactae.
860 797 949 859 Τ5551
968 807 998 858 55
1016 817 1083 859 cru-
1103 809 1136 860 55

73 888 157 948 ditati
175 887 312 948 medetur
329 888 386 948 hoc
405 887 602 948 medicamen:
626 886 708 948 Costi
723 921 763 930 —
778 887 828 969 ΙΙΙ,
848 889 978 948 cinnami
994 886 1085 968 -ll,

71 978 184 1055 piperis
208 969 247 1061 49·
267 976 303 1055 V,
330 978 402 1037 item
430 979 542 1056 piperis
565 976 647 1055 longi
670 969 766 1062 μ’,
793 969 976 1061 55115111,
1003 978 1085 1037 croci

32 1085 58 1124 1o
73 1099 115 1108 -
135 1065 156 1145 l,
180 1065 276 1125 mellis
300 1065 379 1144 quod
403 1067 474 1125 satis
498 1065 534 1125 ad
557 1065 631 1125 haec
654 1066 724 1125 trita
748 1064 939 1143 temperanda
958 1073 988 1125 et
1007 1072 1083 1126 cata-

71 1156 150 1233 potia
173 1154 316 1233 facienda,
341 1171 415 1231 quae
439 1172 508 1214 cum
531 1153 613 1213 calda
636 1170 711 1233 aqua
731 1161 761 1213 55
779 1171 865 1213 mane
884 1161 914 1213 et
932 1171 1007 1233 sera,
1031 1153 1083 1213 sed

70 1245 236 1304 interiectis
259 1241 374 1302 vicibus
394 1242 459 1303 dari
478 1249 604 1324 oportet,
628 1241 707 1321 quod
732 1241 870 1302 similiter
888 1248 919 1301 et
937 1240 973 1301 de
993 1259 1083 1321 supra

72 1333 182 1409 scripto
206 1331 401 1391 medicamine
425 1331 491 1391 lieri
513 1330 609 1391 debet.
648 1330 773 1409 Aquam,
795 1332 827 1389 in
851 1347 909 1408 qua
931 1336 1029 1390 rutam
1053 1337 1083 1390 et
1101 1339 1135 1390 55

70 1419 216 1499 hysopum
244 1427 274 1479 et
296 1437 394 1480 rosam
418 1421 528 1480 siccam
551 1419 719 1500 decoreris,
746 1420 814 1478 rino
840 1419 965 1478 inmisce
989 1420 1083 1479 etita

30 1526 57 1566 15
71 1507 227 1568 bibendam
251 1510 351 1568 ieiuno
376 1508 449 1568 oller
474 1509 621 1582 tussienti,
645 1509 704 1568 cito
728 1507 895 1568 subvenies.
937 1507 971 1566 ln
994 1525 1081 1567 ovum
1101 1515 1135 1566 57

70 1596 179 1657 sorbile
208 1599 340 1656 masticis
368 1596 519 1676 pulverem
543 1599 657 1676 mittes,
688 1596 740 1657 sed
764 1614 839 1675 opus
863 1603 924 1676 est,
952 1603 987 1656 55
1015 1614 1083 1655 mox

70 1687 249 1764 coagitatum
277 1687 377 1746 statim
407 1685 541 1765 sorbeas,
569 1704 607 1746 ne
635 1685 776 1746 dilatione
803 1685 854 1745 liat
878 1695 994 1764 crusta3
1023 1702 1081 1769 555

70 1775 212 1834 exhausto
236 1773 321 1834 155115
345 1783 458 1834 5555555
483 1773 608 1855 sedabis,
633 1776 659 1834 51
681 1774 711 1834 id
735 1775 854 1853 saepius
877 1773 992 1833 leceris.

158 1861 254 1922 Fabae
274 1881 365 1940 grana
385 1862 598 1941 quinquaginta
617 1871 695 1923 tosta
715 1864 746 1922 in
766 1862 862 1941 sorno,
881 1862 995 1939 piperis
1013 1863 1080 1922 toti·
1100 1871 1134 1920 58

30 1967 57 2007 so
71 1950 137 2010 dem
166 1951 275 2011 tondes
303 1961 332 2011 et
360 1949 506 2011 cribrabis
535 1959 565 2011 et
594 1950 676 2029 pulei
707 1950 882 2010 tantundem
914 1967 1080 2028 mensurae,

71 2048 212 2118 quantum
240 2039 324 2100 fabae
353 2048 412 2120 est,
440 2041 472 2100 in
499 2039 652 2117 pulverem
680 2039 798 2116 redigas
825 2056 859 2098 ac
883 2037 971 2098 simul
993 2037 1080 2098 melle

69 2146 249 2207 consparges
273 2136 303 2189 et
326 2146 438 2207 coques
461 2130 492 2188 in
515 2127 572 2188 olla
595 2127 664 2188 rudi
684 2134 773 2206 atque
792 2125 926 2206 agitabis,
944 2144 982 2186 ne
1002 2144 1080 2186 com-

67 2216 207 2298 buratur3
230 2225 332 2296 postea
356 2217 392 2277 de
416 2217 562 2296 tepefacto
585 2216 780 2277 medicamine
805 2233 860 2294 per
883 2222 997 2293 sepiem
1016 2214 1080 2275 dies

69 2305 184 2384 singula
213 2305 350 2366 cocliaria
379 2308 440 2366 5155
469 2323 555 2366 mane
584 2307 646 2365 sire
674 2323 740 2366 sera
767 2304 845 2366 tussi
876 2303 1080 2364 laborantibus

26 2408 52 2450 55
67 2394 164 2476 dabis,
188 2397 247 2455 cito
271 2394 437 2455 subvenies.
469 2394 568 2456 Herba
591 2401 749 2455 centaurea
767 2395 838 2454 trita
857 2410 893 2452 ex
911 2393 979 2452 vino
999 2392 1079 2454 dulci
1098 2402 1132 2452 59

67 2482 193 2563 bibitur3
221 2486 296 2543 mire
320 2483 441 2562 prodest
464 2486 553 2544 etiarn
576 2483 636 2564 his,
665 2485 716 2563 551
740 2480 1002 2561 sanguinulentum
1026 2490 1077 2542 aut

65 2571 259 2650 purulentum
282 2575 459 2652 extussinnt,
483 2591 558 2652 quos
581 2572 726 2651 pthisicos
749 2571 861 2632 dicuni,
898 2569 989 2631 Uvam
1012 2589 1077 2650 pas·
1097 2581 1132 2631 50

66 2678 128 2720 sam
153 2660 323 2721 enucleabis
346 2661 382 2721 ad
405 2661 547 2740 ponderis
570 2661 663 2721 librae
687 2667 853 2721 sextantem
872 2666 902 2719 et
920 2658 1079 2737 diligenter

65 2756 154 2829 teres,
178 2749 288 2810 adicies
312 2751 430 2828 senapis
453 2751 565 2828 optime
588 2750 747 2827 separatim
768 2749 833 2808 triti
850 2745 944 2806 librae
962 2755 1078 2808 sextan-

24 2852 51 2893 eo
65 2845 125 2898 tem
154 2856 188 2898 55
216 2837 323 2898 deinde
351 2837 465 2898 adiecto
494 2845 577 2897 aceto
606 2835 712 2896 scillite
743 2853 811 2895 cum
838 2833 935 2894 mellis
961 2835 1078 2895 modico

64 2934 144 2986 teres
174 2935 203 2988 ot
230 2924 384 3006 miscebis,
416 2926 457 2984 ita
484 2933 519 2984 55
546 2941 611 2983 eam
638 2922 863 3001 spissitudinem
890 2919 1013 3000 habeat,
1044 2928 1079 2981 ut

64 3015 208 3094 pastilluli
231 3016 297 3075 fieri
320 3015 445 3094 possint,
468 3020 646 3073 nontamen
664 3009 805 3090 grandes3
828 3008 897 3068 inde
916 3011 968 3086 qui
986 3008 1079 3087 pthisi

66 3112 96 3164 et
119 3104 232 3166 diutina
256 3105 334 3164 tussi
356 3101 483 3182 laborat,
507 3099 639 3180 singulos
663 3116 732 3158 cum
755 3096 838 3158 calda
861 3113 937 3174 aqua
959 3098 1078 3157 ieiunus

64 3211 151 3253 mane
180 3202 210 3253 et
237 3191 373 3252 similiter
401 3191 561 3252 dormitum
589 3187 698 3249 vadens
725 3187 761 3248 ad
793 3201 946 3265 vesperam
972 3191 1078 3246 sumat.

136 3399 428 3454 oconclnttinandas.
513 3402 544 3452 1⁷
564 3370 768 3466 puoagitatum.
851 3392 927 3460 quod
952 3393 1077 3448 arausio.

64 3474 98 3525 ai
118 3470 276 3540 purulento.
348 3468 460 3538 tpbicos
480 3469 550 3538 (sic).
623 3465 790 3522 5055111155.
864 3469 902 3519 aa
915 3462 1023 3534 bulini.

879 3552 940 3608 tt*
