2438 3802
517 58 760 167 -666-Ι

132 264 294 345 saliuncae,
323 267 437 345 cyperi,
461 264 653 345 cardamomi,
678 265 861 342 singularum
884 284 987 326 rerum
1012 267 1146 352 selibras,

132 353 260 414 euforbii
282 353 408 434 -llll,
431 354 552 414 adarces
575 353 607 413 P.
625 353 647 433 l,
671 356 786 414 resinae
810 353 841 415 P.
860 353 909 434 lll,
932 373 1021 416 cerae
1046 357 1147 419 Ponti·

133 461 184 504 cae
207 442 238 504 P.
258 442 292 504 11.
333 442 396 503 Hoc
420 451 554 503 cerotum
577 444 652 502 mire
676 442 836 521 podagram
858 442 939 504 lenit.

77 545 112 594 68
221 531 404 593 vermiculos
432 539 592 591 terrestres
620 533 651 590 in
679 540 763 591 aceto
790 549 845 609 per
872 540 992 593 noctem
1024 552 1147 596 manere

132 620 264 695 curabis,
289 630 321 681 ut
344 639 375 679 se
400 621 479 678 omni
502 619 590 678 sorde
614 627 755 699 purgent,
778 638 864 680 mane
887 638 940 680 eos
962 622 1096 684 siccabis
1119 633 1171 686 ete

132 728 168 770 ex
195 709 242 769 bis
277 741 313 750 -
344 707 384 766 Ill
416 709 447 766 in
479 706 584 767 libram
613 710 756 786 axungiae
784 711 884 769 mittes
917 717 948 769 et
976 710 1148 774 diutissime

131 804 278 876 conteres,
302 804 335 856 ut
357 813 451 855 unum
475 814 585 874 eorpus
609 797 729 877 efficias,
753 806 783 857 et
801 815 855 875 pro
875 807 975 858 ceroto
996 803 1097 862 uteris
1115 802 1149 862 ad

131 884 276 945 sedandos
300 884 409 962 pedum
433 884 595 963 quamlibet
618 884 758 946 molestos
781 885 907 946 dolores.

76 986 110 1036 66
219 972 334 1033 Medius
356 972 431 1051 lapis
454 973 529 1034 lacte
551 973 689 1034 muliebri
708 973 819 1034 dilutus
839 983 868 1034 et
886 974 1024 1053 pellicula
1044 977 1150 1058 lupina

130 1061 295 1141 conligatus
318 1071 513 1141 portatusque
541 1070 571 1121 et
596 1064 627 1121 in
650 1064 801 1139 praesenti
824 1071 855 1123 et
876 1063 1020 1142 deinceps
1044 1068 1079 1127 in
1104 1068 1146 1128 ln·
1160 1088 1181 1126 ιο

75 1165 111 1214 66
130 1160 231 1212 turum
259 1159 377 1230 tempus
404 1151 564 1230 podagram
592 1153 758 1211 certissime
787 1151 982 1212 submovebit.
1026 1153 1148 1216 Colum-

129 1238 215 1300 binae
239 1242 346 1318 pinnae
371 1243 496 1300 maxime
519 1241 649 1318 primum
671 1247 828 1300 nascentes
852 1249 936 1301 ustae
958 1260 1028 1302 cum
1050 1247 1150 1307 urtica

129 1336 218 1408 atque
241 1331 387 1407 inpositae
409 1328 557 1407 podagrae
581 1327 698 1387 dolores
721 1327 826 1389 levant.

76 1433 109 1481 61
219 1417 390 1477 Terrestres
418 1415 557 1476 lumbrici
584 1416 620 1476 ad
643 1434 814 1477 mensnram
837 1416 984 1478 acetabuli
1011 1421 1044 1478 in
1075 1422 1148 1482 mel·

128 1506 165 1566 lis
189 1505 284 1584 cotyla
308 1506 428 1566 contriti
452 1513 482 1564 et
505 1506 627 1583 inpositi
645 1504 780 1584 pedibus,
804 1509 855 1584 qui
873 1509 957 1584 prius
976 1506 1043 1568 oleo
1066 1529 1183 1572 rosa-rt

129 1614 182 1656 ceo
205 1596 290 1656 uncti
317 1595 441 1673 luerint,
469 1611 503 1653 ac
531 1595 620 1653 tertio
649 1593 696 1654 die
726 1593 815 1654 soluti
843 1603 874 1655 et
897 1597 997 1655 statim
1021 1615 1146 1660 rursum

128 1685 260 1762 impositi
293 1691 323 1743 et
356 1682 511 1743 coelestim
545 1681 677 1742 dolorem
710 1680 826 1743 leniunt
862 1692 892 1744 et
923 1685 955 1743 in
987 1695 1147 1762 posterum

128 1772 243 1832 tollunt.

75 1874 109 1924 62
218 1859 342 1938 Vulpem
365 1878 402 1919 ex
420 1878 496 1938 aqua
515 1861 644 1938 coquito,
668 1859 762 1918 donec
780 1859 941 1940 mollescat,
960 1869 991 1922 et
1010 1881 1047 1922 ex
1068 1883 1146 1944 aqua

129 1948 277 2027 percolata
302 1947 394 2027 pedes
418 1948 540 2008 adsidue
565 1948 674 2027 loveto;
698 1966 757 2025 666
781 1949 858 2008 lacto
882 1949 1036 2010 doloribus
1056 1953 1143 2014 facile
1157 1971 1179 2012 66

129 2040 226 2098 careri
248 2037 305 2098 hoc
329 2037 461 2097 remedio
486 2036 604 2115 quidam
628 2036 802 2114 frequenter
825 2040 941 2115 experti
963 2048 1043 2101 sunt.

74 2142 108 2191 63
217 2125 385 2205 Lenticula,
414 2143 488 2204 quae
516 2127 548 2184 in
578 2143 653 2203 aqua
681 2127 827 2205 nascitur,
860 2145 948 2204 quam
979 2131 1144 2191 tenerrima

128 2225 253 2276 contusa
276 2223 306 2275 et
328 2224 486 2292 antequam
510 2212 644 2274 cubitum
668 2221 715 2273 eat
739 2216 775 2293 ei,
799 2216 851 2293 qui
874 2215 954 2275 dolet
972 2217 1075 2298 pedes,
1099 2220 1143 2279 in·

127 2306 232 2382 posita,
256 2302 362 2362 deinde
386 2304 562 2380 interposito
586 2310 720 2378 tempere
744 2301 867 2382 sublata,
891 2315 920 2364 et
938 2303 1032 2364 herba
1051 2325 1142 2367 cucu-

127 2391 174 2450 lus
197 2392 267 2450 trita
290 2392 321 2447 in
344 2389 489 2467 reliquam
512 2396 626 2466 partem
650 2391 746 2449 noctis
770 2392 897 2469 inposita
921 2395 994 2452 miue
1020 2393 1177 2456 doloresit

73 2493 108 2543 64
127 2477 274 2557 podagrae
302 2476 393 2536 sedat.
435 2475 542 2535 Farina
568 2477 709 2536 frumenti
733 2496 768 2538 ex
792 2489 876 2540 aceto
899 2488 982 2541 cocta
1007 2481 1142 2544 dolorem

126 2566 273 2645 podagrae
298 2566 396 2624 statim
421 2564 504 2624 sedat
526 2566 662 2643 inposita,
686 2566 738 2626 sed
761 2567 858 2628 lenius
879 2569 1064 2630 medicamen
1084 2574 1142 2632 erit

127 2655 241 2716 adiecto
265 2652 352 2713 melle
375 2671 435 2713 non
459 2653 560 2714 multo.

73 2758 107 2807 66
216 2744 351 2822 Pampini
369 2744 474 2803 vitium
492 2744 556 2802 triti
576 2750 605 2804 et
619 2744 750 2823 impositi
764 2751 911 2805 tumorem
925 2746 1036 2824 pedum
1051 2749 1140 2809 mira-

126 2832 228 2895 biliter
252 2834 417 2913 exsiccant3
440 2833 516 2892 cinis
539 2851 658 2911 quoque
682 2835 786 2893 vitium
805 2852 873 2893 cum
892 2836 1018 2914 axungia
1038 2845 1178 2897 vetereto

127 2923 268 2984 subactus
292 2930 322 2982 et
344 2923 502 3000 impositus
525 2921 603 2981 idem
627 2930 759 3000 praestat
779 2940 894 2982 necnon
916 2931 946 2983 et
964 2923 1000 2983 ad
1020 2923 1077 2985 hoc
1098 2924 1141 2986 sal

126 3013 327 3072 ammoniacus
352 3029 420 3070 oum
444 3012 508 3087 pari
531 3027 670 3070 mensura
693 3012 769 3089 picis
793 3019 823 3070 et
846 3029 932 3072 cerae
956 3020 1061 3072 coctus
1085 3015 1139 3074 im·

72 3113 106 3163 66
126 3104 256 3179 ponitur.
297 3098 437 3177 Plantago
466 3116 534 3158 cum
557 3100 683 3176 axungia
707 3098 829 3160 subacta
852 3108 882 3159 et
904 3102 1042 3180 imposita
1065 3100 1141 3163 lenit

126 3189 235 3266 pedum
264 3186 395 3266 dolores,
427 3186 515 3246 limus
549 3205 667 3266 666666
696 3190 850 3265 aquaticus
879 3207 947 3249 oum
975 3188 1040 3249 oleo
1069 3190 1139 3252 sub·

118 3285 207 3338 actus
226 3276 392 3358 plurimum
416 3273 547 3358 prodest.
1152 3296 1177 3339 66

48 3377 90 3429 67
198 3369 306 3452 Adeps
332 3371 438 3434 ursina
464 3387 537 3434 eum
561 3385 633 3430 sero
655 3365 777 3428 taurino
798 3371 831 3421 et
847 3365 1147 3437 serapax'xqsnusxs

86 3456 325 3542 decoquuntur
353 3483 460 3550 eoque
495 3467 604 3528 ceroto
633 3456 774 3551 podagra
796 3453 939 3510 centaeta
955 3445 1072 3501 textum
1098 3461 1168 3500 nse-
