2438 3802
509 167 750 232 -382-

123 331 220 412 pulvis
243 330 406 411 specularis
426 332 523 390 exusti
541 339 571 392 et
590 331 757 392 diutissime
776 331 911 409 agitatur.
949 329 1027 390 Tum
1047 331 1141 391 medi·

125 439 228 481 camen
256 421 352 480 adhuc
380 418 622 500 pseudocalidum
650 419 826 481 diffunditur
853 421 883 478 in
907 421 1084 479 mortarium
1110 428 1141 480 et

124 508 184 571 illic
212 510 380 571 diutissime
408 507 545 568 manibus
574 507 722 588 subigitur
753 514 842 586 atque
872 507 942 567 inde
970 509 1001 567 in
1030 508 1139 587 pyxide

125 607 177 659 aut
204 601 235 659 in
264 597 370 658 doliolo
394 598 489 656 vitreo
512 598 677 675 reponitur.
718 595 803 668 Quod
827 595 1079 656 medicamentum
1104 596 1140 656 ad

125 705 229 747 omnes
257 686 447 747 collectiones
475 691 505 744 et
532 684 685 762 glandulas
714 695 744 746 et
771 685 921 764 parotidas
949 692 1166 746 etstrumaso

125 783 155 835 et
178 775 214 835 ad
238 791 341 833 omnes
364 781 498 833 tumores
525 782 556 833 et
581 773 618 834 ad
641 793 745 835 omnes
767 773 902 852 pustulas
925 782 956 833 et
979 773 1016 833 ad
1040 776 1141 834 omnia

125 861 246 922 vulnera
270 861 399 921 sananda
413 861 661 940 ‘potentissimum
684 872 730 924 est
748 880 864 923 necnon
883 869 914 922 et
932 861 969 921 ad
992 861 1141 923 stomachi

23 976 26 981 ·
125 959 156 1010 et
178 952 326 1010 viscerum
349 951 420 1010 vitia
443 957 473 1009 et
496 950 531 1010 ad
556 949 657 1012 lateris
680 960 711 1012 et
732 953 850 1011 renium
870 957 900 1010 et
917 949 1090 1011 lumborum
1111 959 1142 1012 et

125 1056 266 1098 coxarum
294 1038 411 1099 dolores
440 1039 678 1100 efficacissimum
710 1049 771 1120 est3
803 1040 903 1099 nervis
931 1057 1051 1118 qnoque
1079 1039 1147 1121 pla-V

126 1127 227 1188 candis
251 1135 282 1188 et
304 1127 450 1188 luxaturis
474 1135 504 1188 et
527 1127 667 1188 fracturis
690 1127 851 1189 solidandis
871 1127 1064 1188 utilissimum
1085 1135 1142 1188 est.
1157 1147 1181 1187 so

525 1409 737 1418 ————-

171 1657 256 1728 Quod
281 1666 382 1718 natum
406 1655 543 1716 Phoebus
567 1656 682 1737 docuit,
706 1657 785 1737 quod
810 1657 921 1718 Chiron
943 1656 1106 1740 Achillem,

171 1746 257 1817 Quod
281 1745 411 1805 didicere
435 1743 504 1805 olim
528 1744 695 1805 Podalirius
718 1754 807 1824 atque
830 1745 973 1807 Machaon

171 1836 194 1893 Α
218 1837 351 1913 genitore
375 1851 444 1914 suo,
467 1835 519 1912 qui
538 1833 690 1912 quondam
713 1853 817 1895 versus
841 1837 871 1895 in
895 1853 1022 1912 anguem

171 1922 293 2001 Templa
315 1921 465 1983 Palatinae
489 1921 582 1983 subiit
605 1921 741 1982 sublimia
765 1923 888 2005 Romae,

171 2010 257 2081 Quod
280 2010 359 2071 Cous
382 2011 484 2071 docuit
507 2013 607 2072 senior
631 2011 769 2090 qnodque
793 2011 908 2072 Abdera
933 2013 1041 2092 suasit,
1157 2032 1169 2073 a
1202 2048 1204 2053 ·

171 2100 256 2171 Quod
280 2099 362 2177 logos
385 2108 436 2160 aut
459 2100 615 2160 methodos
639 2100 823 2178 simplexque
847 2102 989 2179 empirica
1012 2104 1132 2181 pangit:

170 2187 233 2248 Hoc
257 2187 334 2248 liber
356 2189 414 2248 iste
439 2195 520 2249 tenet
543 2188 660 2249 diverso
684 2207 701 2248 e
724 2188 860 2267 dogmate
884 2197 1045 2268 sumptum.

170 2276 303 2355 Namque
327 2276 494 2336 salutiferas
518 2277 649 2355 disponit
671 2279 777 2356 pagina
800 2296 895 2338 curas.

170 2364 240 2423 lstic
264 2365 418 2442 repperies
440 2383 495 2441 per
518 2367 637 2424 nomina
660 2383 773 2444 perque
796 2365 937 2426 medellas

170 2451 340 2529 Descriptas
364 2453 479 2529 species
503 2462 533 2512 et
555 2452 687 2530 pondera
710 2472 917 2515 mensurarum
1157 2473 1182 2514 11

172 2537 321 2619 Congrua,
345 2557 420 2617 quae
444 2541 563 2618 sapiens
587 2559 687 2601 sumes
710 2543 910 2603 moderamine
934 2549 1026 2603 certo.

170 2626 213 2686 Ne
237 2626 351 2707 lallare,
374 2627 454 2708 vide,
477 2646 536 2688 neu
560 2647 635 2708 quae
659 2639 729 2691 sunt
752 2640 836 2710 parta
860 2632 948 2692 saluti

172 2714 273 2777 Vertat
296 2717 327 2775 in
351 2717 474 2777 exitium
497 2735 557 2777 non
581 2717 685 2779 sollers
709 2738 780 2780 cura
804 2721 958 2781 medentis.

172 2804 262 2866 Sume
286 2807 378 2884 igitur
401 2806 532 2867 medicos
556 2825 610 2885 pro
634 2815 768 2886 tempore
792 2827 906 2887 proque
929 2807 1030 2868 labore

171 2896 342 2974 delatisque
366 2895 469 2956 habitu
493 2914 608 2957 summa
631 2898 745 2956 ratione
769 2907 901 2976 paratos,
1155 2908 1181 2950 15

170 2983 309 3044 Gramine
334 3002 387 3044 seu
410 2983 495 3044 malis
519 3002 608 3063 aegro
632 2992 784 3063 praestare
807 2985 961 3045 medellam

171 3071 308 3132 Carmine
332 3091 385 3133 seu
408 3075 521 3151 potius:
545 3091 672 3152 namque
697 3080 742 3133 est
765 3091 814 3133 res
838 3082 919 3134 certa
943 3072 1032 3133 saluti

171 3159 296 3220 Carmen
320 3160 356 3220 ah
381 3161 505 3221 occultis
528 3162 664 3223 tribuens
688 3162 829 3238 miracula
853 3161 959 3222 verhis.

171 3246 252 3317 Quae
277 3251 358 3308 curis
382 3248 534 3310 hominum
558 3250 749 3329 physicorum
773 3253 891 3311 inventa
915 3258 1072 3332 pararunt,

192 3463 368 3521 9medelas
393 3463 568 3524 Coronatus.
645 3465 682 3517 th
700 3457 793 3514 solers
810 3455 894 3509 tom.
966 3454 1004 3500 ts
1017 3451 1164 3525 messium

77 3521 168 3586 fidem
254 3541 294 3595 17
318 3541 431 3599 salutis
453 3537 627 3600 Buecheler,
705 3535 743 3586 tu
763 3523 898 3597 pararint.
914 3518 1082 3572 (iconomus.
