2438 3802
513 163 728 229 ,53-

117 345 257 387 canorum
282 328 360 406 nigri
384 327 553 388 emicabunt
577 327 683 407 capilli.
720 327 891 406 Experieris
911 348 1014 390 verum
1032 349 1126 391 reme·
1146 342 1168 389 5-

116 416 206 496 dium,
230 418 255 476 si
278 434 387 494 agnum
411 416 613 477 candidissimi
638 419 743 496 capitis
767 416 921 478 decoreris
945 426 1034 496 atque
1058 420 1127 479 inde

116 514 204 583 caput
223 507 296 584 eius,
317 506 406 583 quem
425 523 532 566 canum
551 523 617 566 esse
636 504 720 586 nolis,
740 508 811 584 ungi
830 509 1029 586 praeceperis,
1063 507 1127 568 lloc
1146 522 1162 570 c

115 595 213 675 facito,
237 611 273 654 ne
298 592 396 673 capilli
419 603 590 655 canescant:
622 594 763 655 Radicem
787 613 875 656 unam
900 595 992 656 caulis
1017 604 1126 674 quanto

88 681 288 761 campliorem
313 689 342 742 et
366 685 559 743 vetustiorem
582 685 614 743 in
636 684 724 743 lurno
743 683 868 744 siccabis
888 702 1012 764 eamque
1032 686 1128 745 minu·

116 773 228 831 tissime
257 770 396 830 concides
426 780 456 831 et
483 774 514 832 in
544 771 631 831 ollam
659 771 764 832 rudem
789 775 888 834 mittes
912 782 942 834 et
965 791 1040 852 aqua
1064 773 1127 834 lon-

117 870 184 920 tana
207 861 321 920 recenti
344 858 470 938 inpiabis
494 870 524 920 et
547 860 583 920 ad
608 860 737 921 medium
760 861 909 940 decoquas
936 869 1039 941 operta
1061 861 1126 945 olla,

117 957 180 1008 tum
201 949 231 1007 in
255 947 371 1008 balineo
395 956 484 1028 caput
508 967 618 1028 sapone
641 951 751 1028 optime
775 949 885 1010 lavabis
909 969 1036 1028 cumque
1056 953 1127 1012 satis

117 1036 259 1096 mundum
279 1037 422 1116 effeceris,
441 1040 529 1098 eliam
549 1056 582 1098 ea
601 1057 685 1119 aqua,
704 1057 792 1117 quiam
809 1041 960 1118 paraveris
975 1039 1011 1099 de
1029 1040 1128 1099 radice

75 1145 101 1184 10
118 1125 224 1205 caulis,
248 1134 338 1204 caput
360 1127 400 1186 ita
424 1125 602 1187 confricabis
625 1135 774 1206 tamquam
799 1127 893 1189 solum
918 1147 952 1188 ex
977 1145 1011 1187 ea
1035 1128 1127 1208 lavcs3

117 1232 185 1273 mox
214 1214 353 1292 capillum
382 1214 473 1275 linteo
502 1215 632 1275 involves
661 1233 716 1276 nec
739 1215 798 1276 ulla
821 1234 910 1295 supra
935 1235 1009 1295 aqua
1034 1218 1128 1276 uteris

116 1310 146 1362 et
163 1305 204 1362 ita
218 1302 352 1363 siccabis.
391 1302 454 1363 Hoc
472 1322 567 1383 purus
586 1322 655 1382 ages
673 1306 758 1382 puris
773 1307 861 1364 etiam
881 1306 1025 1365 ministris
1045 1323 1126 1365 usus.

116 1390 160 1451 Ad
183 1391 359 1470 nigrandum
382 1391 520 1471 capillum
544 1395 662 1472 egregie
686 1393 768 1472 facit,
797 1395 823 1453 si
846 1395 893 1452 ovi
916 1395 1029 1453 corvini
1053 1405 1163 1473 quaet

116 1489 185 1541 sunt
208 1482 351 1541 interiora
374 1482 472 1559 inpari
494 1499 619 1542 numero
642 1483 673 1541 in
697 1500 748 1542 ras
771 1500 891 1542 acreum
914 1485 1015 1543 mittas
1039 1490 1127 1561 atque

74 1589 100 1629 1a
115 1568 175 1629 illic
199 1569 251 1630 diu
275 1571 404 1648 coagites
428 1578 457 1630 et
480 1588 547 1630 raso
571 1573 666 1650 capite
692 1572 722 1631 in
747 1571 851 1632 umbra
879 1589 934 1650 per
956 1570 1128 1651 peniculum

114 1660 239 1737 pictoris
262 1661 397 1740 inponaS,
421 1659 472 1720 sed
496 1659 591 1721 donec
615 1662 745 1721 siccetur
768 1661 899 1742 iniectio,
922 1667 953 1720 et
975 1659 1074 1720 oleum
1096 1662 1127 1719 in

115 1766 167 1807 ore
191 1749 289 1808 teneri
312 1755 431 1826 oportet
454 1757 484 1808 et
508 1766 577 1809 sevo
597 1751 716 1809 cervino
736 1749 841 1810 faciem
860 1751 996 1829 perungi,
1019 1766 1057 1808 ne
1079 1747 1127 1808 de·

115 1835 294 1896 stillantibus
314 1838 406 1914 guttis
425 1837 603 1918 maculetur3
622 1844 703 1898 tanta
722 1841 801 1898 enim
816 1836 892 1898 solet
910 1856 976 1898 esse
991 1839 1035 1897 vis
1055 1839 1128 1918 eius,

115 1933 149 1985 ut
168 1927 255 1985 etiam
275 1925 389 2008 dentes,
412 1925 483 1986 dum
508 1927 646 2004 siccatur,
669 1926 789 1986 inficiat.
831 1924 943 1995 Quarto
962 1933 1061 1986 autem
1080 1925 1128 1985 die

75 2032 101 2071 ro
116 2021 205 2093 caput
228 2013 318 2074 lavari
342 2022 461 2093 oportet
483 2022 550 2093 post
569 2012 752 2074 medicamen
771 2015 943 2091 inpositum.
975 2013 1128 2073 Vermium
1147 2025 1163 2075 8

115 2110 304 2164 terrenorum
319 2105 395 2163 cinis
416 2102 480 2163 oleo
501 2102 643 2182 adiectus,
659 2121 717 2181 quo
733 2103 777 2165 uti
792 2102 917 2162 leminae
931 2103 963 2161 in
982 2101 1127 2180 pectendo

116 2190 221 2274 solent,
245 2190 366 2271 capillos
389 2191 528 2270 prohibet
552 2198 705 2252 senectute
731 2192 846 2252 mutari.
888 2189 969 2250 Folia
993 2191 1162 2268 cupressie

116 2282 186 2340 trita
209 2299 245 2341 ex
269 2288 352 2341 aceto
376 2282 466 2360 capiti
489 2280 572 2341 inlita
596 2288 625 2341 et
648 2281 785 2341 inficiunt
809 2297 898 2341 canos
922 2288 951 2341 et
973 2280 1127 2340 incorum

116 2368 214 2430 locum
246 2372 347 2448 nigros
380 2369 511 2430 educunt
544 2369 673 2448 capillos.
720 2369 818 2431 Nuces
851 2368 1004 2448 iuglandes
1033 2368 1128 2430 adhuc
1148 2381 1181 2431 10

76 2474 102 2514 es
116 2458 225 2518 virides
250 2469 279 2518 et
302 2467 421 2519 teneras
445 2467 475 2519 et
498 2458 623 2519 totidem
645 2459 766 2538 glandes
789 2458 879 2519 velles
899 2477 933 2519 ex
953 2458 1058 2519 arbore
1078 2458 1126 2519 ad·

116 2546 174 2607 buc
204 2547 313 2607 virides
341 2555 372 2607 et
393 2547 519 2608 necdum
543 2551 714 2608 maturitate
739 2548 877 2609 solidatas
901 2555 990 2627 atque
1014 2550 1045 2607 in
1069 2547 1127 2627 pila
1188 2559 1192 2598 2

116 2643 255 2696 contusas
288 2637 437 2715 exprimes
469 2654 630 2717 earumque
660 2656 731 2698 suco
760 2637 795 2698 ad
824 2637 1000 2697 inficiendos
1028 2655 1127 2716 canos,

116 2723 187 2783 dum
210 2733 298 2804 caput
321 2726 429 2805 pectis,
452 2727 600 2804 pectinem
619 2729 747 2804 tingues.
785 2725 1037 2804 Sanguisugarum
1062 2743 1125 2785 sex·
1147 2735 1178 2784 11

115 2814 210 2872 tarius
234 2812 350 2873 duobus
374 2815 511 2873 sextariis
540 2816 617 2890 nigri
644 2816 705 2873 vini
730 2815 872 2873 miscetur
895 2823 925 2873 et
949 2811 999 2871 XL
1023 2813 1129 2873 diebus

76 2917 102 2957 so
116 2902 147 2961 in
167 2901 285 2962 vasculo
302 2901 441 2981 plumbeo
457 2900 614 2977 diligenter
629 2899 729 2959 clauso
744 2908 920 2979 maceratur,
939 2901 1128 2976 postmodum

116 3008 184 3050 cum
211 2993 276 3070 ipso
306 2992 372 3050 rino
401 2996 599 3050 conteruntur
626 2987 781 3046 hirudines
814 2994 843 3046 et
876 2988 907 3045 in
940 2984 1001 3044 sole
1034 2986 1129 3046 calido

116 3081 206 3158 capiti
237 3079 342 3140 deraso
373 3079 408 3139 ad
436 3076 649 3157 permutandos
680 3074 801 3155 capillos
834 3091 935 3134 earum
967 3091 1058 3134 sucus
1086 3077 1128 3134 in-

116 3170 238 3245 ponitur
266 3167 344 3247 oleo,
373 3186 410 3227 ne
435 3167 539 3227 dentes
563 3166 746 3245 inficiantur,
770 3164 864 3224 donec
888 3164 1018 3223 siccetur
1037 3163 1129 3223 medi-

117 3273 230 3337 camen,
253 3259 283 3316 in
307 3274 359 3315 ore
383 3255 513 3316 detento.
550 3254 621 3314 Ervi
644 3254 768 3334 siliquae
787 3255 961 3333 priusquam
984 3259 1182 3333 arescant,12

76 3359 103 3400 aa
117 3362 185 3404 cum
209 3344 287 3406 loliis
311 3351 341 3404 et
365 3344 448 3404 caule
472 3362 526 3405 suo
550 3352 747 3405 conteruntur
771 3352 801 3404 et
824 3361 891 3404 raso
910 3343 1008 3424 capiti,
1033 3349 1065 3402 ut
1084 3360 1129 3403 ca·

188 3537 306 3602 iunge.
373 3530 576 3602 idequoques.
642 3535 677 3589 15
695 3531 891 3608 pinniculnm.
951 3538 992 3590 ‘tl
1010 3529 1166 3588 erudimus.
