2438 3802
480 91 675 154 ..4-

69 276 141 326 κονς
155 248 192 333 β’.
210 247 243 313 Ὁ
257 250 397 332 μέδιμνος
410 251 468 332 ἔχει
481 247 603 331 ἡμίεκτα
617 249 667 332 ιβ’,
685 246 720 314 τὸ
735 245 873 330 ἡμίεκτον
887 250 944 330 ἔχει
958 254 1029 330 χούς
1044 247 1084 331 β’,

68 338 84 404 ὁ
100 346 169 421 χούς
188 341 245 422 ἔχει
263 342 394 421 χοίνικας
412 337 451 420 β’,
470 335 488 420 ἡ
504 342 596 420 χοῖνιξ
611 340 668 420 ἔχει
682 335 805 412 κοτύλας
820 334 856 418 δ’,
870 334 889 418 ἡ
904 335 1011 418 κοτύλη
1026 339 1085 420 ἔχει

68 425 220 509 ἡμλξεστον
235 427 272 508 α’,
290 425 322 491 τὸ
336 431 441 509 τρνβλί
440 453 475 491 ον
428 427 522 490 ἰδὲ
536 424 642 508 κοτύλη
657 427 733 490 ἐστιν
743 423 867 508 Ἀττική,
880 423 912 490 τὸ
927 423 960 501 ὀξ
945 422 1086 537 §ossepov

69 517 145 580 δὲ’
116 515 249 599 τεταρτύν
264 518 323 580 ἐστι
335 512 469 596 κοτύλης,
484 512 656 592 οκύαθος”
639 540 723 579 εκτον
737 516 795 578 ἐστι
806 512 937 595 κοτύλης.
952 511 992 576 Ἡ
1004 513 1085 626 χήμη

69 605 147 769 ύηεξιὲ
151 602 242 687 ὁλκην
260 608 338 686 μίαν.
367 600 409 666 Ἡ
418 600 575 714 Ελληνικη
595 601 702 685 κοτύλη
721 630 773 668 τον
758 605 886 667 ἐλαίου
901 600 1053 684 ἕχειλιζ
1015 629 1035 665 α
1069 600 1081 667 λ

70 694 217 774 δὲξὲστης
231 692 260 757 λι
270 689 339 775 β’,
326 719 342 757 o
357 692 389 756 δὲ
403 690 530 768 λταλικὸς
544 693 644 773 ξέστης
658 690 725 756 λι
697 719 716 755 α
738 705 767 758 5.
790 694 938 802 Δηλον’
907 717 962 756 ουν
976 718 1020 757 οτι
1034 693 1086 755 καὶ

69 809 88 864 η
77 779 221 863 ιλταλικὴ
239 779 349 895 κοτύλη
366 781 461 863 ἔχει·
441 781 465 844 Γ
480 778 557 862 θἰ,
541 808 560 862 η
581 781 613 844 δὲ
629 778 835 908 Ἀλεξανδρινη
855 779 962 861 κοτύλη
983 781 1084 844 ἐλαίου

70 870 124 952 μὲν
143 872 239 953 ἔχειν
219 868 286 932 Γ’
257 896 296 977 n,
316 872 400 933 οἴνου
420 869 452 932 δὲ
471 867 549 934 Γθῖ

162 956 202 1024 Τὸ
221 957 362 1041 κεράμιον
380 960 438 1040 ἔχει

293 1049 392 1110 ἐλαίου
532 1051 617 1112 οἴνον
753 1046 864 1127 μέλιτος

298 1133 327 1198 λι
341 1133 388 1218 οβ’
540 1135 568 1199 λι
584 1133 615 1198 π’
767 1133 795 1197 λι
810 1134 853 1216 ρκ’

163 1221 203 1289 Τὸ
221 1222 344 1308 κύγγιον
362 1226 419 1306 ἔχει

307 1310 335 1376 λι
348 1312 381 1376 θ’
547 1311 600 1376 λιι
707 1367 709 1371 ,
772 1308 800 1374 λι
815 1309 848 1374 ιε’

155 1398 189 1466 Ὁ
207 1402 307 1484 ξέστης
324 1404 384 1485 ἔχει

308 1488 387 1571 Γιη’
499 1487 652 1572 λιαΤη
757 1487 860 1571 λιβ’5

156 1575 199 1641 Ἦ
212 1578 319 1659 κοτύλη
339 1580 398 1659 ἔχει

308 1664 380 1729 Γύ
544 1663 603 1729 Γύ
738 1664 888 1748 ιιΓᾷ

156 1751 190 1818 Ὁ
207 1752 326 1831 κύαθος
348 1756 405 1836 ἔχει

286 1841 385 1909 Γα’5
473 1840 674 1927 Γα’5ηρ.ὂ’
748 1841 857 1924 Γβ’5.

88 2064 262 2137 Epistulae
286 2064 501 2123 diversorum
524 2066 567 2120 de
591 2063 756 2134 qualitate
780 2065 815 2119 ολ
838 2061 1075 2119 observatione

482 2169 679 2227 medicinae.

134 2322 286 2403 Largius
310 2321 589 2401 Designatianus
613 2323 704 2384 filiis
728 2324 805 2383 suis
829 2322 980 2383 salutem
1005 2323 1031 2383 d.

166 2464 238 2543 Legi
269 2464 394 2526 antehac
422 2463 611 2543 Hippocratis
639 2464 692 2526 Coi
722 2464 892 2546 epistulam,
924 2464 1089 2526 medicinae

78 2555 208 2614 auctoris
235 2553 282 2614 vel
313 2555 501 2634 peritissimi,
534 2572 622 2632 quam
654 2553 690 2615 de
719 2553 829 2614 tuenda
856 2553 1023 2615 valetudine
1052 2555 1089 2615 ad

77 2642 257 2703 Antiochum
280 2660 381 2720 regem
405 2643 561 2720 scripsisse
585 2643 693 2724 fertur3
722 2643 808 2703 cuius
837 2644 905 2722 quia
930 2652 1090 2722 praecepta

77 2738 109 2791 et
131 2733 243 2792 monita
266 2731 350 2791 vobis
374 2730 409 2791 ad
434 2730 537 2791 salutis
561 2731 726 2792 custodiam
748 2738 818 2791 nota
846 2749 1001 2814 cuperem,
1030 2732 1088 2792 col·

77 2819 145 2902 legi,
168 2828 203 2882 ut
224 2822 317 2901 potui,
339 2819 483 2900 quidquid
503 2821 611 2881 seriem
630 2822 695 2882 eius
715 2822 868 2882 continere
887 2823 1089 2902 memineram,
1116 2839 1129 2880 s

78 2927 202 2990 eamque
226 2928 278 2970 ore
296 2909 428 2971 Romano
447 2912 648 2989 interpretans
672 2911 787 2988 scripsi.
823 2909 900 2990 Cari,
924 2911 1027 2990 fateor,
1051 2928 1089 2971 ne

78 2999 115 3059 ad
138 2999 261 3060 verbum
284 2999 373 3060 verba
396 3000 598 3080 transferrem,
621 3017 682 3077 quo
700 2999 799 3059 minus
817 2997 959 3077 pleraque
977 2999 1090 3077 lingua·

79 3106 146 3148 rum
170 3088 341 3149 diversitate
366 3094 579 3166 congruerent,
606 3088 758 3164 siparum
781 3086 922 3166 ponderis
946 3090 976 3148 in
1000 3089 1089 3166 signi·

149 3239 292 3310 Incipiunt
306 3237 445 3308 epistulae
459 3238 634 3293 diversorum
648 3237 684 3292 de
698 3237 834 3307 qualitate
851 3243 879 3296 οι
867 3239 1033 3296 tobservai'
1026 3256 1089 3295 rone

79 3260 242 3366 medicinae.
262 3310 307 3365 Ab
325 3311 368 3365 λιιι
385 3310 475 3364 verbis
493 3310 576 3365 οοιλιν
594 3309 790 3366 Laodwnenoio
808 3312 917 3393 incipit.

152 3388 165 3434 1
190 3384 256 3436 ante
279 3379 352 3434 hene
376 3384 435 3436 λοι.
509 3385 524 3434 2
548 3379 735 3437 valetitudine
759 3387 807 3436 zm
829 3381 1011 3438 veiititudine
1030 3389 1090 3439 λιν.

80 3452 194 3506 eserie.
268 3457 380 3507 timore
399 3453 492 3507 littero
510 3469 537 3506 m
556 3467 644 3522 cupro
661 3453 763 3509 tineam
781 3454 887 3510 addita.
960 3471 1035 3510 cave.
