2438 3802
521 131 761 194 -170—

547 309 626 371 CAP.
651 308 736 370 XVII.

134 422 188 477 Ad
206 422 410 491 suspiriosos
429 423 486 477 vel
503 423 548 477 ad
567 421 770 490 dyspnoicos
784 423 819 476 et
832 423 877 477 ad
891 435 1011 477 omnes
1026 434 1147 478 causas

134 510 346 577 artemonem,
370 511 412 566 de
436 510 561 579 quibus
582 509 691 579 ruptis
713 509 851 578 sanguis
874 512 1019 578 emanat,
1044 513 1078 566 et
1102 512 1148 567 ad

133 600 283 655 vomitus
310 598 560 667 restringendos
592 600 627 655 et
653 599 888 668 provocandos
920 602 954 654 et
981 600 1026 653 ad
1053 600 1147 654 sitim

134 689 316 744 arcendam
331 690 366 741 et
379 687 423 742 ad
436 686 605 756 singultus
618 687 820 743 inhibendos
836 688 871 741 et
884 688 928 741 ad
942 688 1147 743 reumaticos

134 779 169 830 et
195 777 240 831 ad
261 775 380 830 vulsos
402 775 551 831 remedia
569 775 781 831 rationabilia
800 778 835 831 et
851 775 992 844 physica
1012 776 1147 831 diversa

481 867 524 919 de
547 863 798 933 experimentis.

100 1008 113 1056 1
223 998 267 1058 hd
287 1001 448 1078 suspirium
467 1000 538 1060 facit
561 999 637 1060 hene
659 1008 786 1080 acetum,
806 999 885 1078 qued
904 999 1074 1060 scilliticum
1099 1019 1147 1059 vo·

134 1094 211 1167 cant,
235 1087 373 1148 cocliaria
393 1094 440 1149 ter
458 1097 599 1166 quaterve
622 1095 774 1168 sumptum
793 1088 828 1147 ad
848 1088 935 1148 diem.
972 1088 1099 1149 Prodest
1118 1097 1148 1150 et

135 1175 217 1237 scilla
240 1176 341 1256 argilla
366 1177 548 1240 circumdata
572 1185 602 1239 et
620 1178 708 1238 furno
727 1186 811 1237 cocta
834 1179 968 1255 purgatis
992 1179 1147 1237 exteriori-

134 1265 190 1326 bus
213 1265 416 1344 putaminibus
440 1274 471 1327 et
493 1267 571 1346 quod
596 1269 660 1327 eius
683 1268 879 1325 tenerrimum
902 1273 949 1325 est
972 1268 1077 1326 tritum
1096 1267 1146 1326 ad·

133 1357 219 1415 ieetis
242 1355 337 1416 mellis
351 1356 442 1416 Attici
461 1356 575 1417 duabus
594 1355 730 1434 partibus
749 1362 779 1414 et
798 1356 874 1415 aceti
893 1353 963 1414 honi
981 1372 1039 1414 uua
1058 1363 1171 1433 partes

133 1453 222 1521 atque
240 1447 281 1504 ita
300 1444 421 1504 decocta
441 1452 470 1504 et
488 1462 542 1522 per
561 1444 680 1522 ligulam
694 1462 784 1505 urnam
800 1443 891 1503 semel
906 1444 937 1502 in
952 1443 999 1502 die
1019 1451 1145 1521 sumpta.

98 1540 114 1588 2
223 1531 338 1592 Profuit
360 1531 462 1592 multis
486 1532 520 1591 ad
544 1534 707 1611 suspirium
732 1532 779 1592 vel
798 1533 977 1611 dyspnoeam
997 1530 1147 1610 depellen-

134 1620 201 1680 dam
229 1620 330 1698 pulmo
359 1619 454 1698 vulpis
477 1620 524 1680 vel
547 1622 632 1681 iecur
654 1624 685 1680 in
709 1620 765 1681 olla
788 1620 873 1682 fictili
895 1627 1033 1681 exustum
1057 1630 1146 1698 atque

133 1708 169 1769 ad
198 1712 330 1770 cinerem
357 1708 511 1770 redactum
539 1717 569 1769 et
596 1709 697 1770 datum
721 1709 757 1769 ad
781 1709 859 1769 diem
882 1711 982 1769 ieiune
1006 1727 1146 1769 mensura

133 1797 340 1858 cocliariorum
364 1799 456 1857 trium
479 1816 547 1858 cum
571 1816 664 1876 aquae
685 1797 798 1877 cyathis
822 1797 928 1878 trihus,
952 1799 979 1857 si
997 1797 1186 1858 febricito-10

133 1885 189 1946 bit:
209 1888 235 1946 si
254 1888 390 1947 sincerus
410 1889 475 1968 erit,
496 1905 531 1946 ex
550 1889 618 1947 vino
638 1895 751 1967 vetere3
770 1887 883 1966 profuit
901 1895 932 1947 et
945 1886 1046 1964 pulmo
1066 1889 1147 1947 cervi

133 1974 237 2035 eodem
260 1975 348 2034 modo
371 1975 519 2036 arefactus
543 1984 573 2036 et
597 1976 691 2036 datus.

98 2071 114 2120 3
221 2063 348 2124 Prodest
366 2067 538 2143 suspiriosis
552 2065 609 2125 hoc
623 2065 872 2125 medicamentum
888 2063 1054 2124 evidenter:
1078 2063 1146 2124 hlu-

132 2154 221 2213 minis
249 2153 312 2212 fissi
336 2152 429 2232 llVl,
457 2155 517 2232 opii
540 2152 565 2212 ll
585 2153 606 2214 Ι.
652 2153 735 2231 Aqua
758 2154 863 2230 exigua
887 2154 988 2231 opium
1012 2150 1147 2234 diluitur,

132 2244 276 2301 miscetur
299 2239 422 2300 alumini
444 2250 512 2301 aute
535 2244 616 2301 trito.
653 2240 744 2302 Fiunt
767 2239 878 2318 globuli
901 2242 1008 2301 ciceris
1034 2243 1186 2319 magni-15

132 2329 244 2408 tudine,
268 2328 376 2388 dantur
400 2329 500 2388 ieiuno
520 2336 587 2388 ante
607 2328 708 2389 cibum
727 2331 864 2407 quaterni
883 2338 933 2390 aut
953 2330 1044 2407 quini.
1082 2328 1147 2390 Hoc

132 2415 380 2475 medicamentum
409 2423 439 2475 et
466 2416 502 2476 ad
531 2418 684 2495 sanguinis
712 2418 899 2495 eruptionem
933 2437 968 2478 ex
995 2419 1146 2478 interieri-

133 2501 188 2562 bus
212 2503 347 2580 partihus
370 2504 441 2564 iacit
470 2512 500 2564 et
528 2505 564 2564 ad
592 2512 724 2565 veterem
751 2512 865 2565 tussem
889 2507 978 2567 etad
1001 2507 1146 2584 pthisices

132 2590 177 2650 vel
202 2591 359 2669 purulenta
383 2601 565 2654 excreantes.

97 2687 115 2735 4
221 2678 284 2740 Huc
308 2698 427 2758 quoque
450 2681 699 2744 medicamentum
725 2681 762 2742 ad
785 2684 947 2760 suspirium
972 2685 1043 2744 satis
1067 2702 1146 2744 com·
1160 2700 1185 2741 ao

132 2768 219 2828 mode
243 2768 327 2829 lacit:
356 2768 493 2849 Sulpuris
516 2771 581 2853 lll,
604 2773 677 2833 nitri
699 2770 724 2832 ll
743 2771 765 2852 l,
788 2770 922 2832 abrotani
947 2772 1025 2850 quod
1049 2772 1146 2833 trihus

133 2856 233 2936 digitis
257 2858 460 2937 conprehendi
477 2862 581 2939 possit.
614 2859 694 2922 Hace
713 2860 938 2922 contunduntur
957 2868 986 2920 et
1006 2869 1147 2922 teruntur

133 2949 263 3029 euriose3
287 2966 356 3008 cum
380 2966 454 3027 opus
478 2957 532 3031 est,
556 2949 664 3010 dantur
687 2969 723 3011 ex
744 2950 791 3010 his
810 2951 910 3009 ieiune
929 2949 1068 3009 cocliaria
1087 2949 1147 3011 duo

133 3055 201 3096 eum
224 3035 341 3098 duobus
365 3037 478 3116 cyathis
502 3041 578 3099 aceti
601 3038 696 3099 calidi.

221 3206 277 3261 tta:
303 3205 480 3275 suspiriosus.
589 3202 768 3279 arteriarum]
793 3206 958 3262 arteriarum
984 3205 1146 3263 Carnarius.

132 3275 268 3346 vomicas]
287 3277 417 3332 vomitus.
507 3278 725 3346 restringendae.
816 3277 1018 3348 provocandae.
1110 3278 1146 3332 ad

132 3362 182 3401 em.
201 3351 265 3400 ante
283 3345 431 3415 singultus.

222 3415 401 3471 lscillitum.
456 3417 588 3488 3argila.
642 3418 732 3475 forno.
789 3419 989 3489 idyspnuam.
1037 3424 1069 3472 11
1084 3435 1147 3474 sen·

130 3501 219 3539 cerus.
293 3492 328 3540 23
347 3487 402 3542 duc
422 3503 485 3542 cum
504 3505 553 3543 om.
