<?xml version="1.0" encoding="UTF-8"?>
<!DOCTYPE html PUBLIC "-//W3C//DTD XHTML 1.0 Transitional//EN"
    "http://www.w3.org/TR/xhtml1/DTD/xhtml1-transitional.dtd">
<html xmlns="http://www.w3.org/1999/xhtml" xml:lang="en" lang="en">
 <head>
  <title>
</title>
<meta http-equiv="Content-Type" content="text/html;charset=utf-8" />
  <meta name='ocr-system' content='tesseract 3.04.00' />
  <meta name='ocr-capabilities' content='ocr_page ocr_carea ocr_par ocr_line ocrx_word'/>
</head>
<body>
  <div class='ocr_page' id='page_1' title='image "./marcellidemedic01helmgoog_0219.png"; bbox 0 0 2438 3802; ppageno 0'>
   <div class='ocr_carea' id='block_1_1' title="bbox 506 153 743 218">
    <p class='ocr_par' dir='ltr' id='par_1_1' title="bbox 506 153 743 218">
     <span class='ocr_line' id='line_1_1' title="bbox 506 153 743 218; baseline 0.008 -2"><span class='ocrx_word' id='word_1_1' title='bbox 506 153 743 218; x_wconf 81' lang='lat'>-208-</span> 
     </span>
    </p>
   </div>
   <div class='ocr_carea' id='block_1_2' title="bbox 66 313 1176 3302">
    <p class='ocr_par' dir='ltr' id='par_1_2' title="bbox 118 313 1127 474">
     <span class='ocr_line' id='line_1_2' title="bbox 118 313 1127 397; baseline -0.004 -19"><span class='ocrx_word' id='word_1_2' title='bbox 118 325 270 397; x_wconf 87' lang='lat' dir='ltr'>ponuntur</span> <span class='ocrx_word' id='word_1_3' title='bbox 294 317 340 377; x_wconf 91' lang='lat' dir='ltr'>vel</span> <span class='ocrx_word' id='word_1_4' title='bbox 359 319 459 376; x_wconf 92' lang='lat' dir='ltr'>ieiuno</span> <span class='ocrx_word' id='word_1_5' title='bbox 478 315 579 394; x_wconf 89' lang='lat' dir='ltr'>tepida</span> <span class='ocrx_word' id='word_1_6' title='bbox 597 333 651 393; x_wconf 90' lang='lat' dir='ltr'>per</span> <span class='ocrx_word' id='word_1_7' title='bbox 670 313 803 374; x_wconf 88' lang='lat' dir='ltr'>cocleare</span> <span class='ocrx_word' id='word_1_8' title='bbox 823 313 940 374; x_wconf 89' lang='lat' dir='ltr'>dantur.</span> <span class='ocrx_word' id='word_1_9' title='bbox 973 313 1058 374; x_wconf 81' lang='lat' dir='ltr'>Facit</span> <span class='ocrx_word' id='word_1_10' title='bbox 1075 313 1127 374; x_wconf 89' lang='lat' dir='ltr'>hoc</span> 
     </span>
     <span class='ocr_line' id='line_1_3' title="bbox 118 402 836 474; baseline -0.008 -7"><span class='ocrx_word' id='word_1_11' title='bbox 118 408 301 467; x_wconf 81' lang='lat' dir='ltr'>medicamen</span> <span class='ocrx_word' id='word_1_12' title='bbox 325 406 361 466; x_wconf 88' lang='lat' dir='ltr'>ad</span> <span class='ocrx_word' id='word_1_13' title='bbox 385 423 487 474; x_wconf 90' lang='lat' dir='ltr'>omnes</span> <span class='ocrx_word' id='word_1_14' title='bbox 512 404 656 465; x_wconf 81' lang='lat' dir='ltr'>stomachi</span> <span class='ocrx_word' id='word_1_15' title='bbox 678 402 836 463; x_wconf 82' lang='lat' dir='ltr'>molestias.</span> 
     </span>
    </p>

    <p class='ocr_par' dir='ltr' id='par_1_3' title="bbox 66 492 1150 1085">
     <span class='ocr_line' id='line_1_4' title="bbox 66 492 1128 558; baseline -0.004 -2"><span class='ocrx_word' id='word_1_16' title='bbox 66 509 100 558; x_wconf 83' lang='grc'>96</span> <span class='ocrx_word' id='word_1_17' title='bbox 208 496 252 555; x_wconf 80' lang='lat' dir='ltr'>dd</span> <span class='ocrx_word' id='word_1_18' title='bbox 280 495 412 556; x_wconf 92' lang='lat' dir='ltr'>dolorem</span> <span class='ocrx_word' id='word_1_19' title='bbox 441 493 586 552; x_wconf 86' lang='lat' dir='ltr'>stomachi</span> <span class='ocrx_word' id='word_1_20' title='bbox 609 492 654 551; x_wconf 90' lang='lat' dir='ltr'>vel</span> <span class='ocrx_word' id='word_1_21' title='bbox 677 500 825 552; x_wconf 92' lang='lat' dir='ltr'>tumorem</span> <span class='ocrx_word' id='word_1_22' title='bbox 848 492 893 550; x_wconf 85' lang='lat' dir='ltr'>vel</span> <span class='ocrx_word' id='word_1_23' title='bbox 916 494 1067 552; x_wconf 85' lang='lat' dir='ltr'>viscerum</span> <span class='ocrx_word' id='word_1_24' title='bbox 1090 495 1128 552; x_wconf 91' lang='lat' dir='ltr'>in·</span> 
     </span>
     <span class='ocr_line' id='line_1_5' title="bbox 119 579 1131 662; baseline -0.005 -17"><span class='ocrx_word' id='word_1_25' title='bbox 119 587 290 645; x_wconf 88' lang='lat' dir='ltr'>firmitatem</span> <span class='ocrx_word' id='word_1_26' title='bbox 318 582 483 642; x_wconf 91' lang='lat' dir='ltr'>remedium</span> <span class='ocrx_word' id='word_1_27' title='bbox 512 583 568 641; x_wconf 88' lang='lat' dir='ltr'>sic:</span> <span class='ocrx_word' id='word_1_28' title='bbox 606 581 677 641; x_wconf 87' lang='lat' dir='ltr'>Suoi</span> <span class='ocrx_word' id='word_1_29' title='bbox 705 598 739 640; x_wconf 80' lang='lat' dir='ltr'>ex</span> <span class='ocrx_word' id='word_1_30' title='bbox 768 579 923 640; x_wconf 90' lang='lat' dir='ltr'>ahsenthio</span> <span class='ocrx_word' id='word_1_31' title='bbox 952 579 982 640; x_wconf 66' lang='grc' dir='ltr'><em>θ</em></span> <span class='ocrx_word' id='word_1_32' title='bbox 1003 581 1030 662; x_wconf 95' lang='lat' dir='ltr'>l,</span> <span class='ocrx_word' id='word_1_33' title='bbox 1058 583 1131 643; x_wconf 89' lang='lat' dir='ltr'>aceti</span> 
     </span>
     <span class='ocr_line' id='line_1_6' title="bbox 120 667 1150 752; baseline -0.009 -19"><span class='ocrx_word' id='word_1_34' title='bbox 120 676 225 752; x_wconf 90' lang='lat' dir='ltr'>optimi</span> <span class='ocrx_word' id='word_1_35' title='bbox 247 670 279 731; x_wconf 67' lang='grc'><em>8</em></span> <span class='ocrx_word' id='word_1_36' title='bbox 298 671 320 751; x_wconf 93' lang='lat' dir='ltr'>l,</span> <span class='ocrx_word' id='word_1_37' title='bbox 343 671 400 730; x_wconf 93' lang='lat' dir='ltr'>olei</span> <span class='ocrx_word' id='word_1_38' title='bbox 424 669 521 729; x_wconf 91' lang='lat' dir='ltr'>mollis</span> <span class='ocrx_word' id='word_1_39' title='bbox 541 667 571 728; x_wconf 66' lang='grc'><em>8</em></span> <span class='ocrx_word' id='word_1_40' title='bbox 592 669 612 747; x_wconf 97' lang='lat' dir='ltr'>l,</span> <span class='ocrx_word' id='word_1_41' title='bbox 637 688 723 729; x_wconf 88' lang='lat' dir='ltr'>cerae</span> <span class='ocrx_word' id='word_1_42' title='bbox 741 668 881 728; x_wconf 87' lang='lat' dir='ltr'>Ponticae</span> <span class='ocrx_word' id='word_1_43' title='bbox 905 668 1012 729; x_wconf 92' lang='lat' dir='ltr'>libram</span> <span class='ocrx_word' id='word_1_44' title='bbox 1036 684 1150 749; x_wconf 79' lang='lat' dir='ltr'>unam,o</span> 
     </span>
     <span class='ocr_line' id='line_1_7' title="bbox 120 757 1131 839; baseline -0.003 -18"><span class='ocrx_word' id='word_1_45' title='bbox 120 761 265 821; x_wconf 82' lang='lat' dir='ltr'>medullae</span> <span class='ocrx_word' id='word_1_46' title='bbox 285 761 420 819; x_wconf 89' lang='lat' dir='ltr'>cervinae</span> <span class='ocrx_word' id='word_1_47' title='bbox 442 791 480 800; x_wconf 95' lang='lat'>-</span> <span class='ocrx_word' id='word_1_48' title='bbox 496 757 557 817; x_wconf 90' lang='lat' dir='ltr'>llll.</span> <span class='ocrx_word' id='word_1_49' title='bbox 593 758 671 818; x_wconf 93' lang='lat' dir='ltr'>Haec</span> <span class='ocrx_word' id='word_1_50' title='bbox 690 758 770 818; x_wconf 94' lang='lat' dir='ltr'>lento</span> <span class='ocrx_word' id='word_1_51' title='bbox 790 760 858 835; x_wconf 82' lang='lat' dir='ltr'>igne</span> <span class='ocrx_word' id='word_1_52' title='bbox 873 758 1023 835; x_wconf 90' lang='lat' dir='ltr'>decoques</span> <span class='ocrx_word' id='word_1_53' title='bbox 1040 777 1131 839; x_wconf 89' lang='lat' dir='ltr'>usqne</span> 
     </span>
     <span class='ocr_line' id='line_1_8' title="bbox 121 847 1133 927; baseline 0 -19"><span class='ocrx_word' id='word_1_54' title='bbox 121 850 157 908; x_wconf 89' lang='lat' dir='ltr'>ad</span> <span class='ocrx_word' id='word_1_55' title='bbox 180 865 351 907; x_wconf 92' lang='lat' dir='ltr'>mensuram</span> <span class='ocrx_word' id='word_1_56' title='bbox 376 849 510 925; x_wconf 78' lang='lat' dir='ltr'>sextarii3</span> <span class='ocrx_word' id='word_1_57' title='bbox 534 847 640 907; x_wconf 85' lang='lat' dir='ltr'>exinde</span> <span class='ocrx_word' id='word_1_58' title='bbox 664 847 788 906; x_wconf 93' lang='lat' dir='ltr'>linteum</span> <span class='ocrx_word' id='word_1_59' title='bbox 812 847 938 907; x_wconf 90' lang='lat' dir='ltr'>densum</span> <span class='ocrx_word' id='word_1_60' title='bbox 961 849 1083 927; x_wconf 90' lang='lat' dir='ltr'>tingues</span> <span class='ocrx_word' id='word_1_61' title='bbox 1106 857 1133 908; x_wconf 87' lang='lat' dir='ltr'>et</span> 
     </span>
     <span class='ocr_line' id='line_1_9' title="bbox 120 935 1133 1014; baseline 0.003 -19"><span class='ocrx_word' id='word_1_62' title='bbox 120 945 236 996; x_wconf 87' lang='lat' dir='ltr'>mature</span> <span class='ocrx_word' id='word_1_63' title='bbox 266 938 298 995; x_wconf 91' lang='lat' dir='ltr'>in</span> <span class='ocrx_word' id='word_1_64' title='bbox 330 936 407 995; x_wconf 90' lang='lat' dir='ltr'>lecto</span> <span class='ocrx_word' id='word_1_65' title='bbox 435 935 601 995; x_wconf 89' lang='lat' dir='ltr'>visceribus</span> <span class='ocrx_word' id='word_1_66' title='bbox 633 936 764 1014; x_wconf 84' lang='lat' dir='ltr'>adpones</span> <span class='ocrx_word' id='word_1_67' title='bbox 795 935 938 996; x_wconf 88' lang='lat' dir='ltr'>utendum</span> <span class='ocrx_word' id='word_1_68' title='bbox 969 938 1000 995; x_wconf 93' lang='lat' dir='ltr'>in</span> <span class='ocrx_word' id='word_1_69' title='bbox 1031 938 1133 998; x_wconf 89' lang='lat' dir='ltr'>horam</span> 
     </span>
     <span class='ocr_line' id='line_1_10' title="bbox 120 1025 289 1085; baseline -0.006 -1"><span class='ocrx_word' id='word_1_70' title='bbox 120 1025 289 1085; x_wconf 88' lang='lat' dir='ltr'>secundam.</span> 
     </span>
    </p>

    <p class='ocr_par' dir='ltr' id='par_1_4' title="bbox 68 1111 1172 2170">
     <span class='ocr_line' id='line_1_11' title="bbox 68 1111 1165 1191; baseline 0.003 -18"><span class='ocrx_word' id='word_1_71' title='bbox 68 1126 100 1174; x_wconf 79' lang='lat' dir='ltr'>ot</span> <span class='ocrx_word' id='word_1_72' title='bbox 211 1112 363 1173; x_wconf 84' lang='lat' dir='ltr'>Confectio</span> <span class='ocrx_word' id='word_1_73' title='bbox 388 1112 528 1191; x_wconf 81' lang='lat' dir='ltr'>oxymelis</span> <span class='ocrx_word' id='word_1_74' title='bbox 551 1112 597 1173; x_wconf 90' lang='lat' dir='ltr'>dia</span> <span class='ocrx_word' id='word_1_75' title='bbox 617 1111 714 1172; x_wconf 91' lang='lat' dir='ltr'>scilliu</span> <span class='ocrx_word' id='word_1_76' title='bbox 734 1112 770 1172; x_wconf 92' lang='lat' dir='ltr'>ad</span> <span class='ocrx_word' id='word_1_77' title='bbox 790 1112 935 1173; x_wconf 91' lang='lat' dir='ltr'>stomachi</span> <span class='ocrx_word' id='word_1_78' title='bbox 954 1132 1059 1174; x_wconf 88' lang='lat' dir='ltr'>causas</span> <span class='ocrx_word' id='word_1_79' title='bbox 1080 1117 1133 1176; x_wconf 90' lang='lat' dir='ltr'>sic:</span> <span class='ocrx_word' id='word_1_80' title='bbox 1145 1125 1165 1166; x_wconf 82' lang='lat'>10</span> 
     </span>
     <span class='ocr_line' id='line_1_12' title="bbox 122 1200 1134 1278; baseline 0.002 -16"><span class='ocrx_word' id='word_1_81' title='bbox 122 1201 228 1262; x_wconf 89' lang='lat' dir='ltr'>Scillae</span> <span class='ocrx_word' id='word_1_82' title='bbox 251 1201 357 1262; x_wconf 90' lang='lat' dir='ltr'>libram</span> <span class='ocrx_word' id='word_1_83' title='bbox 380 1203 566 1262; x_wconf 85' lang='lat' dir='ltr'>comminues</span> <span class='ocrx_word' id='word_1_84' title='bbox 590 1202 626 1261; x_wconf 90' lang='lat' dir='ltr'>de</span> <span class='ocrx_word' id='word_1_85' title='bbox 650 1200 744 1261; x_wconf 89' lang='lat' dir='ltr'>astula</span> <span class='ocrx_word' id='word_1_86' title='bbox 767 1200 863 1278; x_wconf 88' lang='lat' dir='ltr'>lignea</span> <span class='ocrx_word' id='word_1_87' title='bbox 887 1211 973 1262; x_wconf 87' lang='lat' dir='ltr'>acuta</span> <span class='ocrx_word' id='word_1_88' title='bbox 999 1206 1134 1264; x_wconf 91' lang='lat' dir='ltr'>minutis·</span> 
     </span>
     <span class='ocr_line' id='line_1_13' title="bbox 122 1289 1135 1370; baseline 0.002 -20"><span class='ocrx_word' id='word_1_89' title='bbox 122 1293 205 1351; x_wconf 88' lang='lat' dir='ltr'>simis</span> <span class='ocrx_word' id='word_1_90' title='bbox 228 1291 363 1370; x_wconf 88' lang='lat' dir='ltr'>partibus</span> <span class='ocrx_word' id='word_1_91' title='bbox 386 1299 416 1352; x_wconf 87' lang='lat' dir='ltr'>et</span> <span class='ocrx_word' id='word_1_92' title='bbox 439 1291 638 1370; x_wconf 85' lang='lat' dir='ltr'>superfundes</span> <span class='ocrx_word' id='word_1_93' title='bbox 661 1289 721 1349; x_wconf 93' lang='lat' dir='ltr'>illic</span> <span class='ocrx_word' id='word_1_94' title='bbox 745 1308 838 1368; x_wconf 88' lang='lat' dir='ltr'>aquae</span> <span class='ocrx_word' id='word_1_95' title='bbox 864 1291 974 1351; x_wconf 89' lang='lat' dir='ltr'>nitidae</span> <span class='ocrx_word' id='word_1_96' title='bbox 997 1292 1135 1352; x_wconf 88' lang='lat' dir='ltr'>fontanae</span> 
     </span>
     <span class='ocr_line' id='line_1_14' title="bbox 122 1377 1135 1459; baseline 0.002 -20"><span class='ocrx_word' id='word_1_97' title='bbox 122 1377 213 1439; x_wconf 60' lang='lat'><em>8111</em></span> <span class='ocrx_word' id='word_1_98' title='bbox 240 1398 274 1440; x_wconf 87' lang='lat' dir='ltr'>ac</span> <span class='ocrx_word' id='word_1_99' title='bbox 303 1380 350 1440; x_wconf 89' lang='lat' dir='ltr'>die</span> <span class='ocrx_word' id='word_1_100' title='bbox 378 1388 440 1440; x_wconf 88' lang='lat' dir='ltr'>tota</span> <span class='ocrx_word' id='word_1_101' title='bbox 468 1388 498 1439; x_wconf 91' lang='lat' dir='ltr'>et</span> <span class='ocrx_word' id='word_1_102' title='bbox 525 1387 612 1439; x_wconf 90' lang='lat' dir='ltr'>nocte</span> <span class='ocrx_word' id='word_1_103' title='bbox 637 1387 792 1456; x_wconf 88' lang='lat' dir='ltr'>copertnm</span> <span class='ocrx_word' id='word_1_104' title='bbox 816 1397 878 1458; x_wconf 92' lang='lat' dir='ltr'>vas,</span> <span class='ocrx_word' id='word_1_105' title='bbox 904 1382 935 1438; x_wconf 95' lang='lat' dir='ltr'>in</span> <span class='ocrx_word' id='word_1_106' title='bbox 959 1381 1039 1459; x_wconf 90' lang='lat' dir='ltr'>qnod</span> <span class='ocrx_word' id='word_1_107' title='bbox 1064 1381 1135 1441; x_wconf 89' lang='lat' dir='ltr'>haec</span> 
     </span>
     <span class='ocr_line' id='line_1_15' title="bbox 122 1466 1136 1549; baseline 0.002 -21"><span class='ocrx_word' id='word_1_108' title='bbox 122 1470 253 1548; x_wconf 86' lang='lat' dir='ltr'>miseris,</span> <span class='ocrx_word' id='word_1_109' title='bbox 283 1486 349 1528; x_wconf 91' lang='lat' dir='ltr'>esse</span> <span class='ocrx_word' id='word_1_110' title='bbox 377 1470 547 1548; x_wconf 80' lang='lat' dir='ltr'>permittes3</span> <span class='ocrx_word' id='word_1_111' title='bbox 578 1468 633 1528; x_wconf 89' lang='lat' dir='ltr'>alia</span> <span class='ocrx_word' id='word_1_112' title='bbox 661 1468 708 1528; x_wconf 89' lang='lat' dir='ltr'>die</span> <span class='ocrx_word' id='word_1_113' title='bbox 736 1469 766 1527; x_wconf 93' lang='lat' dir='ltr'>in</span> <span class='ocrx_word' id='word_1_114' title='bbox 796 1466 852 1527; x_wconf 93' lang='lat' dir='ltr'>olla</span> <span class='ocrx_word' id='word_1_115' title='bbox 879 1469 947 1528; x_wconf 90' lang='lat' dir='ltr'>rudi</span> <span class='ocrx_word' id='word_1_116' title='bbox 975 1488 1044 1529; x_wconf 92' lang='lat' dir='ltr'>cum</span> <span class='ocrx_word' id='word_1_117' title='bbox 1073 1472 1136 1549; x_wconf 91' lang='lat' dir='ltr'>ipsa</span> 
     </span>
     <span class='ocr_line' id='line_1_16' title="bbox 123 1555 1171 1638; baseline 0.002 -21"><span class='ocrx_word' id='word_1_118' title='bbox 123 1556 205 1618; x_wconf 91' lang='lat' dir='ltr'>scilla</span> <span class='ocrx_word' id='word_1_119' title='bbox 224 1556 378 1616; x_wconf 78' lang='lat' dir='ltr'>defervere</span> <span class='ocrx_word' id='word_1_120' title='bbox 397 1557 487 1616; x_wconf 85' lang='lat' dir='ltr'>iacies</span> <span class='ocrx_word' id='word_1_121' title='bbox 506 1555 586 1616; x_wconf 89' lang='lat' dir='ltr'>lento</span> <span class='ocrx_word' id='word_1_122' title='bbox 606 1559 668 1634; x_wconf 83' lang='lat' dir='ltr'>igni</span> <span class='ocrx_word' id='word_1_123' title='bbox 686 1575 782 1634; x_wconf 88' lang='lat' dir='ltr'>usqne</span> <span class='ocrx_word' id='word_1_124' title='bbox 801 1555 837 1616; x_wconf 91' lang='lat' dir='ltr'>ad</span> <span class='ocrx_word' id='word_1_125' title='bbox 857 1559 1019 1618; x_wconf 85' lang='lat' dir='ltr'>sextarium</span> <span class='ocrx_word' id='word_1_126' title='bbox 1034 1577 1136 1638; x_wconf 87' lang='lat' dir='ltr'>aquae,</span> <span class='ocrx_word' id='word_1_127' title='bbox 1149 1568 1171 1610; x_wconf 81' lang='lat'>1⁵</span> 
     </span>
     <span class='ocr_line' id='line_1_17' title="bbox 122 1643 1136 1725; baseline 0.001 -19"><span class='ocrx_word' id='word_1_128' title='bbox 122 1653 186 1706; x_wconf 89' lang='lat' dir='ltr'>tum</span> <span class='ocrx_word' id='word_1_129' title='bbox 210 1645 300 1704; x_wconf 89' lang='lat' dir='ltr'>linteo</span> <span class='ocrx_word' id='word_1_130' title='bbox 324 1643 418 1704; x_wconf 90' lang='lat' dir='ltr'>nitido</span> <span class='ocrx_word' id='word_1_131' title='bbox 441 1646 588 1722; x_wconf 83' lang='lat' dir='ltr'>exprimes</span> <span class='ocrx_word' id='word_1_132' title='bbox 608 1645 719 1704; x_wconf 92' lang='lat' dir='ltr'>scillam</span> <span class='ocrx_word' id='word_1_133' title='bbox 740 1648 844 1725; x_wconf 87' lang='lat' dir='ltr'>ipsam,</span> <span class='ocrx_word' id='word_1_134' title='bbox 867 1653 900 1705; x_wconf 89' lang='lat' dir='ltr'>ut</span> <span class='ocrx_word' id='word_1_135' title='bbox 919 1649 1068 1707; x_wconf 87' lang='lat' dir='ltr'>sextarius</span> <span class='ocrx_word' id='word_1_136' title='bbox 1087 1646 1136 1707; x_wconf 93' lang='lat' dir='ltr'>ille</span> 
     </span>
     <span class='ocr_line' id='line_1_18' title="bbox 123 1732 1137 1813; baseline 0.003 -20"><span class='ocrx_word' id='word_1_137' title='bbox 123 1733 245 1813; x_wconf 86' lang='lat' dir='ltr'>defluat,</span> <span class='ocrx_word' id='word_1_138' title='bbox 278 1733 388 1792; x_wconf 87' lang='lat' dir='ltr'>adicies</span> <span class='ocrx_word' id='word_1_139' title='bbox 420 1732 490 1792; x_wconf 91' lang='lat' dir='ltr'>huic</span> <span class='ocrx_word' id='word_1_140' title='bbox 522 1735 649 1793; x_wconf 82' lang='lat' dir='ltr'>sextario</span> <span class='ocrx_word' id='word_1_141' title='bbox 678 1736 755 1794; x_wconf 86' lang='lat' dir='ltr'>aceti</span> <span class='ocrx_word' id='word_1_142' title='bbox 782 1736 887 1812; x_wconf 91' lang='lat' dir='ltr'>optimi</span> <span class='ocrx_word' id='word_1_143' title='bbox 915 1737 1078 1795; x_wconf 83' lang='lat' dir='ltr'>sextarium</span> <span class='ocrx_word' id='word_1_144' title='bbox 1108 1745 1137 1796; x_wconf 89' lang='lat' dir='ltr'>et</span> 
     </span>
     <span class='ocr_line' id='line_1_19' title="bbox 123 1820 1137 1901; baseline 0.003 -20"><span class='ocrx_word' id='word_1_145' title='bbox 123 1822 218 1882; x_wconf 91' lang='lat' dir='ltr'>mellis</span> <span class='ocrx_word' id='word_1_146' title='bbox 238 1823 342 1901; x_wconf 91' lang='lat' dir='ltr'>optimi</span> <span class='ocrx_word' id='word_1_147' title='bbox 361 1821 528 1900; x_wconf 90' lang='lat' dir='ltr'>despumati</span> <span class='ocrx_word' id='word_1_148' title='bbox 547 1820 578 1881; x_wconf 92' lang='lat' dir='ltr'>P.</span> <span class='ocrx_word' id='word_1_149' title='bbox 593 1821 619 1882; x_wconf 96' lang='lat' dir='ltr'>ll</span> <span class='ocrx_word' id='word_1_150' title='bbox 641 1831 671 1882; x_wconf 92' lang='lat' dir='ltr'>et</span> <span class='ocrx_word' id='word_1_151' title='bbox 691 1840 811 1882; x_wconf 90' lang='lat' dir='ltr'>rursum</span> <span class='ocrx_word' id='word_1_152' title='bbox 830 1825 861 1882; x_wconf 92' lang='lat' dir='ltr'>in</span> <span class='ocrx_word' id='word_1_153' title='bbox 881 1824 983 1883; x_wconf 89' lang='lat' dir='ltr'>eadem</span> <span class='ocrx_word' id='word_1_154' title='bbox 1003 1823 1060 1884; x_wconf 88' lang='lat' dir='ltr'>olla</span> <span class='ocrx_word' id='word_1_155' title='bbox 1080 1826 1137 1884; x_wconf 87' lang='lat' dir='ltr'>fer·</span> 
     </span>
     <span class='ocr_line' id='line_1_20' title="bbox 122 1907 1138 1991; baseline 0.005 -22"><span class='ocrx_word' id='word_1_156' title='bbox 122 1928 192 1969; x_wconf 88' lang='lat' dir='ltr'>vere</span> <span class='ocrx_word' id='word_1_157' title='bbox 207 1907 340 1990; x_wconf 83' lang='lat' dir='ltr'>&lt;lacies&gt;</span> <span class='ocrx_word' id='word_1_158' title='bbox 356 1928 451 1989; x_wconf 87' lang='lat' dir='ltr'>usque</span> <span class='ocrx_word' id='word_1_159' title='bbox 466 1910 502 1970; x_wconf 92' lang='lat' dir='ltr'>ad</span> <span class='ocrx_word' id='word_1_160' title='bbox 517 1913 691 1991; x_wconf 81' lang='lat' dir='ltr'>sextarium3</span> <span class='ocrx_word' id='word_1_161' title='bbox 710 1920 774 1971; x_wconf 86' lang='lat' dir='ltr'>tum</span> <span class='ocrx_word' id='word_1_162' title='bbox 794 1911 939 1972; x_wconf 80' lang='lat' dir='ltr'>recondes</span> <span class='ocrx_word' id='word_1_163' title='bbox 958 1915 989 1972; x_wconf 92' lang='lat' dir='ltr'>in</span> <span class='ocrx_word' id='word_1_164' title='bbox 1008 1913 1138 1991; x_wconf 87' lang='lat' dir='ltr'>ampulla</span> 
     </span>
     <span class='ocr_line' id='line_1_21' title="bbox 124 1998 1172 2078; baseline 0.006 -21"><span class='ocrx_word' id='word_1_165' title='bbox 124 1998 216 2058; x_wconf 88' lang='lat' dir='ltr'>nitida</span> <span class='ocrx_word' id='word_1_166' title='bbox 240 2007 270 2059; x_wconf 89' lang='lat' dir='ltr'>et</span> <span class='ocrx_word' id='word_1_167' title='bbox 293 2001 441 2077; x_wconf 90' lang='lat' dir='ltr'>signatum</span> <span class='ocrx_word' id='word_1_168' title='bbox 464 1998 588 2060; x_wconf 88' lang='lat' dir='ltr'>habebis</span> <span class='ocrx_word' id='word_1_169' title='bbox 612 2008 641 2060; x_wconf 88' lang='lat' dir='ltr'>et</span> <span class='ocrx_word' id='word_1_170' title='bbox 664 2019 732 2060; x_wconf 91' lang='lat' dir='ltr'>cnm</span> <span class='ocrx_word' id='word_1_171' title='bbox 757 2001 970 2078; x_wconf 91' lang='lat' dir='ltr'>inparationem</span> <span class='ocrx_word' id='word_1_172' title='bbox 991 2003 1172 2063; x_wconf 73' lang='lat' dir='ltr'>stomachi²⁰</span> 
     </span>
     <span class='ocr_line' id='line_1_22' title="bbox 124 2087 1138 2170; baseline 0.006 -24"><span class='ocrx_word' id='word_1_173' title='bbox 124 2089 264 2168; x_wconf 82' lang='lat' dir='ltr'>senseris,</span> <span class='ocrx_word' id='word_1_174' title='bbox 287 2087 425 2148; x_wconf 88' lang='lat' dir='ltr'>cocliaria</span> <span class='ocrx_word' id='word_1_175' title='bbox 448 2088 562 2167; x_wconf 90' lang='lat' dir='ltr'>singula</span> <span class='ocrx_word' id='word_1_176' title='bbox 585 2089 672 2168; x_wconf 92' lang='lat' dir='ltr'>plena</span> <span class='ocrx_word' id='word_1_177' title='bbox 696 2088 841 2167; x_wconf 80' lang='lat' dir='ltr'>tepefacta</span> <span class='ocrx_word' id='word_1_178' title='bbox 860 2091 979 2150; x_wconf 90' lang='lat' dir='ltr'>ieiunus</span> <span class='ocrx_word' id='word_1_179' title='bbox 999 2093 1138 2170; x_wconf 89' lang='lat' dir='ltr'>accipies.</span> 
     </span>
    </p>

    <p class='ocr_par' dir='ltr' id='par_1_5' title="bbox 71 2176 1138 2431">
     <span class='ocr_line' id='line_1_23' title="bbox 71 2176 1137 2256; baseline 0.004 -20"><span class='ocrx_word' id='word_1_180' title='bbox 71 2188 105 2236; x_wconf 81' lang='lat'>98</span> <span class='ocrx_word' id='word_1_181' title='bbox 213 2176 255 2235; x_wconf 82' lang='lat' dir='ltr'>hd</span> <span class='ocrx_word' id='word_1_182' title='bbox 276 2177 421 2236; x_wconf 90' lang='lat' dir='ltr'>stomachi</span> <span class='ocrx_word' id='word_1_183' title='bbox 439 2177 572 2237; x_wconf 92' lang='lat' dir='ltr'>dolorem</span> <span class='ocrx_word' id='word_1_184' title='bbox 591 2178 754 2241; x_wconf 89' lang='lat' dir='ltr'>remedium</span> <span class='ocrx_word' id='word_1_185' title='bbox 779 2176 935 2256; x_wconf 82' lang='lat' dir='ltr'>physicum</span> <span class='ocrx_word' id='word_1_186' title='bbox 958 2181 1015 2239; x_wconf 91' lang='lat' dir='ltr'>sic:</span> <span class='ocrx_word' id='word_1_187' title='bbox 1040 2179 1074 2239; x_wconf 95' lang='lat' dir='ltr'>ln</span> <span class='ocrx_word' id='word_1_188' title='bbox 1098 2179 1137 2240; x_wconf 89' lang='lat' dir='ltr'>la-</span> 
     </span>
     <span class='ocr_line' id='line_1_24' title="bbox 124 2264 1138 2346; baseline 0.004 -22"><span class='ocrx_word' id='word_1_189' title='bbox 124 2264 192 2342; x_wconf 86' lang='lat' dir='ltr'>pide</span> <span class='ocrx_word' id='word_1_190' title='bbox 212 2264 324 2342; x_wconf 91' lang='lat' dir='ltr'>iaspide</span> <span class='ocrx_word' id='word_1_191' title='bbox 344 2265 467 2344; x_wconf 82' lang='lat' dir='ltr'>exculpe</span> <span class='ocrx_word' id='word_1_192' title='bbox 486 2265 645 2326; x_wconf 90' lang='lat' dir='ltr'>draconem</span> <span class='ocrx_word' id='word_1_193' title='bbox 665 2266 819 2344; x_wconf 88' lang='lat' dir='ltr'>radiatum,</span> <span class='ocrx_word' id='word_1_194' title='bbox 841 2275 875 2327; x_wconf 90' lang='lat' dir='ltr'>ut</span> <span class='ocrx_word' id='word_1_195' title='bbox 893 2265 1000 2327; x_wconf 89' lang='lat' dir='ltr'>haheat</span> <span class='ocrx_word' id='word_1_196' title='bbox 1021 2277 1138 2346; x_wconf 88' lang='lat' dir='ltr'>septem</span> 
     </span>
     <span class='ocr_line' id='line_1_25' title="bbox 124 2353 832 2431; baseline 0.004 -20"><span class='ocrx_word' id='word_1_197' title='bbox 124 2353 232 2431; x_wconf 86' lang='lat' dir='ltr'>radios,</span> <span class='ocrx_word' id='word_1_198' title='bbox 256 2363 286 2412; x_wconf 87' lang='lat' dir='ltr'>et</span> <span class='ocrx_word' id='word_1_199' title='bbox 309 2353 412 2414; x_wconf 88' lang='lat' dir='ltr'>claude</span> <span class='ocrx_word' id='word_1_200' title='bbox 436 2371 509 2413; x_wconf 89' lang='lat' dir='ltr'>auro</span> <span class='ocrx_word' id='word_1_201' title='bbox 533 2363 563 2414; x_wconf 89' lang='lat' dir='ltr'>et</span> <span class='ocrx_word' id='word_1_202' title='bbox 587 2362 671 2415; x_wconf 91' lang='lat' dir='ltr'>utere</span> <span class='ocrx_word' id='word_1_203' title='bbox 694 2357 725 2414; x_wconf 94' lang='lat' dir='ltr'>in</span> <span class='ocrx_word' id='word_1_204' title='bbox 749 2354 832 2414; x_wconf 86' lang='lat' dir='ltr'>collo.</span> 
     </span>
    </p>

    <p class='ocr_par' dir='ltr' id='par_1_6' title="bbox 72 2440 1176 3056">
     <span class='ocr_line' id='line_1_26' title="bbox 72 2440 1173 2519; baseline 0.004 -18"><span class='ocrx_word' id='word_1_205' title='bbox 72 2454 104 2501; x_wconf 81' lang='lat' dir='ltr'>ee</span> <span class='ocrx_word' id='word_1_206' title='bbox 213 2440 445 2519; x_wconf 87' lang='lat' dir='ltr'>Epithematium</span> <span class='ocrx_word' id='word_1_207' title='bbox 464 2441 501 2501; x_wconf 92' lang='lat' dir='ltr'>ad</span> <span class='ocrx_word' id='word_1_208' title='bbox 520 2442 704 2503; x_wconf 88' lang='lat' dir='ltr'>stomachum</span> <span class='ocrx_word' id='word_1_209' title='bbox 724 2444 957 2504; x_wconf 86' lang='lat' dir='ltr'>confirmandum</span> <span class='ocrx_word' id='word_1_210' title='bbox 973 2445 1030 2505; x_wconf 91' lang='lat' dir='ltr'>sic:</span> <span class='ocrx_word' id='word_1_211' title='bbox 1050 2444 1138 2506; x_wconf 76' lang='lat' dir='ltr'>lloes</span> <span class='ocrx_word' id='word_1_212' title='bbox 1150 2453 1173 2495; x_wconf 74' lang='lat'>²⁶</span> 
     </span>
     <span class='ocr_line' id='line_1_27' title="bbox 128 2528 1137 2614; baseline 0.007 -27"><span class='ocrx_word' id='word_1_213' title='bbox 128 2560 165 2572; x_wconf 93' lang='lat'><em>-</em></span> <span class='ocrx_word' id='word_1_214' title='bbox 182 2528 232 2612; x_wconf 95' lang='lat' dir='ltr'>lll,</span> <span class='ocrx_word' id='word_1_215' title='bbox 256 2532 333 2590; x_wconf 89' lang='lat' dir='ltr'>turis</span> <span class='ocrx_word' id='word_1_216' title='bbox 353 2529 477 2590; x_wconf 90' lang='lat' dir='ltr'>masculi</span> <span class='ocrx_word' id='word_1_217' title='bbox 498 2563 536 2574; x_wconf 87' lang='lat'>-</span> <span class='ocrx_word' id='word_1_218' title='bbox 552 2531 588 2611; x_wconf 91' lang='lat' dir='ltr'>ll,</span> <span class='ocrx_word' id='word_1_219' title='bbox 611 2533 741 2592; x_wconf 89' lang='lat' dir='ltr'>masticis</span> <span class='ocrx_word' id='word_1_220' title='bbox 761 2531 842 2591; x_wconf 85' lang='lat' dir='ltr'>albae</span> <span class='ocrx_word' id='word_1_221' title='bbox 863 2535 1055 2614; x_wconf 90' lang='lat' dir='ltr'>semunciam,</span> <span class='ocrx_word' id='word_1_222' title='bbox 1079 2541 1137 2594; x_wconf 91' lang='lat' dir='ltr'>sto·</span> 
     </span>
     <span class='ocr_line' id='line_1_28' title="bbox 124 2618 1138 2701; baseline 0.004 -23"><span class='ocrx_word' id='word_1_223' title='bbox 124 2621 202 2678; x_wconf 88' lang='lat' dir='ltr'>racis</span> <span class='ocrx_word' id='word_1_224' title='bbox 227 2651 268 2662; x_wconf 84' lang='lat'>—-</span> <span class='ocrx_word' id='word_1_225' title='bbox 288 2618 323 2698; x_wconf 90' lang='lat' dir='ltr'>ll,</span> <span class='ocrx_word' id='word_1_226' title='bbox 347 2621 428 2680; x_wconf 92' lang='lat' dir='ltr'>croci</span> <span class='ocrx_word' id='word_1_227' title='bbox 456 2651 494 2660; x_wconf 97' lang='lat'><em>-</em></span> <span class='ocrx_word' id='word_1_228' title='bbox 514 2618 572 2700; x_wconf 85' lang='lat' dir='ltr'>lS,</span> <span class='ocrx_word' id='word_1_229' title='bbox 595 2619 719 2680; x_wconf 89' lang='lat' dir='ltr'>meliloti</span> <span class='ocrx_word' id='word_1_230' title='bbox 743 2624 933 2701; x_wconf 90' lang='lat' dir='ltr'>semunciam,</span> <span class='ocrx_word' id='word_1_231' title='bbox 957 2640 1043 2682; x_wconf 90' lang='lat' dir='ltr'>cerae</span> <span class='ocrx_word' id='word_1_232' title='bbox 1062 2621 1138 2682; x_wconf 91' lang='lat' dir='ltr'>Pon-</span> 
     </span>
     <span class='ocr_line' id='line_1_29' title="bbox 124 2707 1139 2790; baseline 0.004 -24"><span class='ocrx_word' id='word_1_233' title='bbox 124 2709 200 2767; x_wconf 89' lang='lat' dir='ltr'>ticae</span> <span class='ocrx_word' id='word_1_234' title='bbox 230 2707 276 2767; x_wconf 90' lang='lat' dir='ltr'>vel</span> <span class='ocrx_word' id='word_1_235' title='bbox 299 2709 387 2768; x_wconf 91' lang='lat' dir='ltr'>etiam</span> <span class='ocrx_word' id='word_1_236' title='bbox 413 2708 496 2769; x_wconf 86' lang='lat' dir='ltr'>rufae</span> <span class='ocrx_word' id='word_1_237' title='bbox 522 2707 648 2789; x_wconf 92' lang='lat' dir='ltr'>-llll,</span> <span class='ocrx_word' id='word_1_238' title='bbox 676 2709 762 2770; x_wconf 90' lang='lat' dir='ltr'>nardi</span> <span class='ocrx_word' id='word_1_239' title='bbox 785 2743 828 2752; x_wconf 88' lang='lat'><strong>—</strong></span> <span class='ocrx_word' id='word_1_240' title='bbox 847 2709 896 2790; x_wconf 91' lang='lat' dir='ltr'>Vl,</span> <span class='ocrx_word' id='word_1_241' title='bbox 925 2713 972 2770; x_wconf 92' lang='lat' dir='ltr'>ius</span> <span class='ocrx_word' id='word_1_242' title='bbox 1000 2709 1139 2772; x_wconf 90' lang='lat' dir='ltr'>ahsenthi</span> 
     </span>
     <span class='ocr_line' id='line_1_30' title="bbox 125 2793 1138 2877; baseline 0.004 -22"><span class='ocrx_word' id='word_1_243' title='bbox 125 2793 242 2856; x_wconf 87' lang='lat' dir='ltr'>Pontici</span> <span class='ocrx_word' id='word_1_244' title='bbox 262 2830 301 2839; x_wconf 92' lang='lat'>—</span> <span class='ocrx_word' id='word_1_245' title='bbox 318 2795 338 2856; x_wconf 91' lang='lat' dir='ltr'>l.</span> <span class='ocrx_word' id='word_1_246' title='bbox 374 2796 452 2857; x_wconf 90' lang='lat' dir='ltr'>Haec</span> <span class='ocrx_word' id='word_1_247' title='bbox 476 2799 574 2858; x_wconf 91' lang='lat' dir='ltr'>omnia</span> <span class='ocrx_word' id='word_1_248' title='bbox 600 2800 758 2877; x_wconf 88' lang='lat' dir='ltr'>separatim</span> <span class='ocrx_word' id='word_1_249' title='bbox 782 2807 868 2858; x_wconf 88' lang='lat' dir='ltr'>tunsa</span> <span class='ocrx_word' id='word_1_250' title='bbox 888 2807 917 2859; x_wconf 89' lang='lat' dir='ltr'>et</span> <span class='ocrx_word' id='word_1_251' title='bbox 936 2799 1064 2860; x_wconf 90' lang='lat' dir='ltr'>cribrata</span> <span class='ocrx_word' id='word_1_252' title='bbox 1084 2802 1138 2860; x_wconf 93' lang='lat' dir='ltr'>mi·</span> 
     </span>
     <span class='ocr_line' id='line_1_31' title="bbox 126 2886 1176 2966; baseline 0.005 -22"><span class='ocrx_word' id='word_1_253' title='bbox 126 2893 248 2945; x_wconf 89' lang='lat' dir='ltr'>soentur</span> <span class='ocrx_word' id='word_1_254' title='bbox 276 2893 307 2945; x_wconf 90' lang='lat' dir='ltr'>et</span> <span class='ocrx_word' id='word_1_255' title='bbox 334 2895 505 2964; x_wconf 88' lang='lat' dir='ltr'>coquuntur</span> <span class='ocrx_word' id='word_1_256' title='bbox 533 2896 563 2948; x_wconf 89' lang='lat' dir='ltr'>et</span> <span class='ocrx_word' id='word_1_257' title='bbox 589 2886 773 2948; x_wconf 90' lang='lat' dir='ltr'>inducuntur</span> <span class='ocrx_word' id='word_1_258' title='bbox 801 2890 832 2947; x_wconf 94' lang='lat' dir='ltr'>in</span> <span class='ocrx_word' id='word_1_259' title='bbox 859 2907 956 2966; x_wconf 90' lang='lat' dir='ltr'>panno</span> <span class='ocrx_word' id='word_1_260' title='bbox 983 2897 1073 2966; x_wconf 88' lang='lat' dir='ltr'>atque</span> <span class='ocrx_word' id='word_1_261' title='bbox 1097 2891 1139 2949; x_wconf 89' lang='lat' dir='ltr'>ita</span> <span class='ocrx_word' id='word_1_262' title='bbox 1151 2898 1176 2940; x_wconf 79' lang='lat'>³⁰</span> 
     </span>
     <span class='ocr_line' id='line_1_32' title="bbox 126 2975 636 3056; baseline 0.004 -23"><span class='ocrx_word' id='word_1_263' title='bbox 126 2982 240 3034; x_wconf 90' lang='lat' dir='ltr'>mature</span> <span class='ocrx_word' id='word_1_264' title='bbox 265 2975 415 3035; x_wconf 89' lang='lat' dir='ltr'>stomacho</span> <span class='ocrx_word' id='word_1_265' title='bbox 439 2976 636 3056; x_wconf 80' lang='lat' dir='ltr'>adponuntur.</span> 
     </span>
    </p>

    <p class='ocr_par' dir='ltr' id='par_1_7' title="bbox 74 3062 1140 3302">
     <span class='ocr_line' id='line_1_33' title="bbox 74 3062 1139 3143; baseline 0.003 -23"><span class='ocrx_word' id='word_1_266' title='bbox 74 3073 125 3122; x_wconf 88' lang='lat'>100</span> <span class='ocrx_word' id='word_1_267' title='bbox 215 3062 259 3122; x_wconf 80' lang='lat' dir='ltr'>Ad</span> <span class='ocrx_word' id='word_1_268' title='bbox 284 3063 480 3141; x_wconf 84' lang='lat' dir='ltr'>digestionem</span> <span class='ocrx_word' id='word_1_269' title='bbox 498 3065 657 3143; x_wconf 86' lang='lat' dir='ltr'>parandam</span> <span class='ocrx_word' id='word_1_270' title='bbox 677 3066 813 3142; x_wconf 90' lang='lat' dir='ltr'>quisquis</span> <span class='ocrx_word' id='word_1_271' title='bbox 832 3064 976 3124; x_wconf 91' lang='lat' dir='ltr'>sollicitus</span> <span class='ocrx_word' id='word_1_272' title='bbox 996 3065 1054 3124; x_wconf 91' lang='lat' dir='ltr'>erit</span> <span class='ocrx_word' id='word_1_273' title='bbox 1073 3083 1139 3124; x_wconf 88' lang='lat' dir='ltr'>aco·</span> 
     </span>
     <span class='ocr_line' id='line_1_34' title="bbox 126 3151 1140 3232; baseline 0.002 -22"><span class='ocrx_word' id='word_1_274' title='bbox 126 3168 192 3211; x_wconf 90' lang='lat' dir='ltr'>rum</span> <span class='ocrx_word' id='word_1_275' title='bbox 207 3153 326 3211; x_wconf 89' lang='lat' dir='ltr'>ieiunus</span> <span class='ocrx_word' id='word_1_276' title='bbox 341 3152 567 3212; x_wconf 87' lang='lat' dir='ltr'>commanducet</span> <span class='ocrx_word' id='word_1_277' title='bbox 581 3159 611 3210; x_wconf 89' lang='lat' dir='ltr'>et</span> <span class='ocrx_word' id='word_1_278' title='bbox 624 3153 722 3231; x_wconf 87' lang='lat' dir='ltr'>iactet,</span> <span class='ocrx_word' id='word_1_279' title='bbox 735 3151 864 3211; x_wconf 87' lang='lat' dir='ltr'>radicem</span> <span class='ocrx_word' id='word_1_280' title='bbox 878 3171 996 3232; x_wconf 90' lang='lat' dir='ltr'>quoque</span> <span class='ocrx_word' id='word_1_281' title='bbox 1008 3170 1140 3213; x_wconf 89' lang='lat' dir='ltr'>amaram</span> 
     </span>
     <span class='ocr_line' id='line_1_35' title="bbox 126 3238 1139 3302; baseline 0.003 -3"><span class='ocrx_word' id='word_1_282' title='bbox 126 3247 156 3299; x_wconf 89' lang='lat' dir='ltr'>et</span> <span class='ocrx_word' id='word_1_283' title='bbox 174 3239 295 3299; x_wconf 92' lang='lat' dir='ltr'>inlotam</span> <span class='ocrx_word' id='word_1_284' title='bbox 315 3242 433 3300; x_wconf 90' lang='lat' dir='ltr'>ieiunus</span> <span class='ocrx_word' id='word_1_285' title='bbox 448 3238 674 3300; x_wconf 88' lang='lat' dir='ltr'>commanducet</span> <span class='ocrx_word' id='word_1_286' title='bbox 688 3257 805 3299; x_wconf 87' lang='lat' dir='ltr'>necnon</span> <span class='ocrx_word' id='word_1_287' title='bbox 819 3242 919 3302; x_wconf 90' lang='lat' dir='ltr'>anethi</span> <span class='ocrx_word' id='word_1_288' title='bbox 934 3259 1035 3302; x_wconf 90' lang='lat' dir='ltr'>semen</span> <span class='ocrx_word' id='word_1_289' title='bbox 1049 3244 1139 3302; x_wconf 87' lang='lat' dir='ltr'>etiam</span> 
     </span>
    </p>
   </div>
   <div class='ocr_carea' id='block_1_3' title="bbox 123 3441 1140 3583">
    <p class='ocr_par' dir='ltr' id='par_1_8' title="bbox 123 3441 1140 3583">
     <span class='ocr_line' id='line_1_36' title="bbox 215 3441 1140 3513; baseline 0.004 -16"><span class='ocrx_word' id='word_1_290' title='bbox 215 3441 421 3497; x_wconf 73' lang='lat' dir='ltr'>tinfirmitate.</span> <span class='ocrx_word' id='word_1_291' title='bbox 482 3447 516 3498; x_wconf 78' lang='lat'>20</span> <span class='ocrx_word' id='word_1_292' title='bbox 530 3441 715 3513; x_wconf 82' lang='lat' dir='ltr'>inparatione.</span> <span class='ocrx_word' id='word_1_293' title='bbox 761 3449 795 3498; x_wconf 78' lang='lat'>26</span> <span class='ocrx_word' id='word_1_294' title='bbox 810 3446 955 3501; x_wconf 82' lang='lat' dir='ltr'>atorechis.</span> <span class='ocrx_word' id='word_1_295' title='bbox 1006 3453 1040 3503; x_wconf 77' lang='lat'>27</span> <span class='ocrx_word' id='word_1_296' title='bbox 1059 3446 1140 3503; x_wconf 88' lang='lat' dir='ltr'>meli·</span> 
     </span>
     <span class='ocr_line' id='line_1_37' title="bbox 123 3512 940 3583; baseline 0.011 -18"><span class='ocrx_word' id='word_1_297' title='bbox 123 3512 191 3567; x_wconf 83' lang='lat' dir='ltr'>doti,</span> <span class='ocrx_word' id='word_1_298' title='bbox 267 3519 301 3567; x_wconf 82' lang='lat'>32</span> <span class='ocrx_word' id='word_1_299' title='bbox 320 3513 445 3582; x_wconf 87' lang='lat' dir='ltr'>quisque.</span> <span class='ocrx_word' id='word_1_300' title='bbox 519 3520 552 3569; x_wconf 86' lang='grc'>33</span> <span class='ocrx_word' id='word_1_301' title='bbox 572 3516 794 3583; x_wconf 82' lang='lat' dir='ltr'>cummanduoet‚</span> <span class='ocrx_word' id='word_1_302' title='bbox 816 3517 878 3572; x_wconf 81' lang='lat' dir='ltr'>item</span> <span class='ocrx_word' id='word_1_303' title='bbox 898 3523 940 3574; x_wconf 87' lang='grc'>34.</span> 
     </span>
    </p>
   </div>
   <div class='ocr_carea' id='block_1_4' title="bbox 0 0 1237 3802">
    <p class='ocr_par' dir='ltr' id='par_1_9' title="bbox 0 0 1237 3802">
     <span class='ocr_line' id='line_1_38' title="bbox 0 0 1237 3802; baseline 0 0"><span class='ocrx_word' id='word_1_304' title='bbox 0 0 1237 3802; x_wconf 95' lang='lat' dir='ltr'> </span> 
     </span>
    </p>
   </div>
  </div>
 </body>
</html>
