<?xml version="1.0" encoding="UTF-8"?>
<!DOCTYPE html PUBLIC "-//W3C//DTD XHTML 1.0 Transitional//EN"
    "http://www.w3.org/TR/xhtml1/DTD/xhtml1-transitional.dtd">
<html xmlns="http://www.w3.org/1999/xhtml" xml:lang="en" lang="en">
 <head>
  <title>
</title>
<meta http-equiv="Content-Type" content="text/html;charset=utf-8" />
  <meta name='ocr-system' content='tesseract 3.04.00' />
  <meta name='ocr-capabilities' content='ocr_page ocr_carea ocr_par ocr_line ocrx_word'/>
</head>
<body>
  <div class='ocr_page' id='page_1' title='image "./marcellidemedic01helmgoog_0094.png"; bbox 0 0 2438 3802; ppageno 0'>
   <div class='ocr_carea' id='block_1_1' title="bbox 518 121 736 186">
    <p class='ocr_par' dir='ltr' id='par_1_1' title="bbox 518 121 736 186">
     <span class='ocr_line' id='line_1_1' title="bbox 518 121 736 186; baseline 0.009 -20"><span class='ocrx_word' id='word_1_1' title='bbox 518 121 736 186; x_wconf 77' lang='grc'><strong>..83-</strong></span> 
     </span>
    </p>
   </div>
   <div class='ocr_carea' id='block_1_2' title="bbox 71 283 1188 3384">
    <p class='ocr_par' dir='ltr' id='par_1_2' title="bbox 92 283 1188 1077">
     <span class='ocr_line' id='line_1_2' title="bbox 120 283 1137 365; baseline 0.006 -22"><span class='ocrx_word' id='word_1_2' title='bbox 120 290 229 363; x_wconf 89' lang='lat' dir='ltr'>mento,</span> <span class='ocrx_word' id='word_1_3' title='bbox 249 301 308 361; x_wconf 90' lang='lat' dir='ltr'>quo</span> <span class='ocrx_word' id='word_1_4' title='bbox 327 284 418 360; x_wconf 90' lang='lat' dir='ltr'>pinna</span> <span class='ocrx_word' id='word_1_5' title='bbox 437 283 581 364; x_wconf 81' lang='lat' dir='ltr'>avellitur,</span> <span class='ocrx_word' id='word_1_6' title='bbox 601 283 704 364; x_wconf 87' lang='lat' dir='ltr'>oculis,</span> <span class='ocrx_word' id='word_1_7' title='bbox 729 284 799 344; x_wconf 90' lang='lat' dir='ltr'>dum</span> <span class='ocrx_word' id='word_1_8' title='bbox 818 284 914 346; x_wconf 90' lang='lat' dir='ltr'>adhuc</span> <span class='ocrx_word' id='word_1_9' title='bbox 933 295 1023 365; x_wconf 88' lang='lat' dir='ltr'>tepet,</span> <span class='ocrx_word' id='word_1_10' title='bbox 1049 287 1137 349; x_wconf 90' lang='lat' dir='ltr'>debet</span> 
     </span>
     <span class='ocr_line' id='line_1_3' title="bbox 119 371 1135 452; baseline 0.004 -20"><span class='ocrx_word' id='word_1_11' title='bbox 119 371 245 451; x_wconf 85' lang='lat' dir='ltr'>infundi,</span> <span class='ocrx_word' id='word_1_12' title='bbox 267 373 319 450; x_wconf 92' lang='lat' dir='ltr'>qui</span> <span class='ocrx_word' id='word_1_13' title='bbox 342 373 404 431; x_wconf 88' lang='lat' dir='ltr'>ictu</span> <span class='ocrx_word' id='word_1_14' title='bbox 424 371 522 450; x_wconf 90' lang='lat' dir='ltr'>aliquo</span> <span class='ocrx_word' id='word_1_15' title='bbox 541 373 688 433; x_wconf 89' lang='lat' dir='ltr'>vulnerati</span> <span class='ocrx_word' id='word_1_16' title='bbox 707 381 759 433; x_wconf 89' lang='lat' dir='ltr'>aut</span> <span class='ocrx_word' id='word_1_17' title='bbox 777 375 920 452; x_wconf 88' lang='lat' dir='ltr'>sanguine</span> <span class='ocrx_word' id='word_1_18' title='bbox 944 375 1050 435; x_wconf 84' lang='lat' dir='ltr'>suffusi</span> <span class='ocrx_word' id='word_1_19' title='bbox 1074 377 1135 436; x_wconf 85' lang='lat' dir='ltr'>lue·</span> 
     </span>
     <span class='ocr_line' id='line_1_4' title="bbox 119 459 1135 540; baseline 0.003 -19"><span class='ocrx_word' id='word_1_20' title='bbox 119 464 195 540; x_wconf 74' lang='lat' dir='ltr'>rint,</span> <span class='ocrx_word' id='word_1_21' title='bbox 227 459 326 522; x_wconf 90' lang='lat' dir='ltr'>album</span> <span class='ocrx_word' id='word_1_22' title='bbox 359 478 478 539; x_wconf 89' lang='lat' dir='ltr'>quoque</span> <span class='ocrx_word' id='word_1_23' title='bbox 511 463 559 520; x_wconf 85' lang='lat' dir='ltr'>ovi</span> <span class='ocrx_word' id='word_1_24' title='bbox 587 464 696 522; x_wconf 85' lang='lat' dir='ltr'>incocti</span> <span class='ocrx_word' id='word_1_25' title='bbox 725 480 793 522; x_wconf 93' lang='lat' dir='ltr'>cum</span> <span class='ocrx_word' id='word_1_26' title='bbox 822 481 910 523; x_wconf 90' lang='lat' dir='ltr'>croco</span> <span class='ocrx_word' id='word_1_27' title='bbox 938 465 1009 523; x_wconf 89' lang='lat' dir='ltr'>trito</span> <span class='ocrx_word' id='word_1_28' title='bbox 1041 465 1135 525; x_wconf 89' lang='lat' dir='ltr'>oculis</span> 
     </span>
     <span class='ocr_line' id='line_1_5' title="bbox 120 549 1188 629; baseline 0.004 -19"><span class='ocrx_word' id='word_1_29' title='bbox 120 551 341 629; x_wconf 89' lang='lat' dir='ltr'>superpositum</span> <span class='ocrx_word' id='word_1_30' title='bbox 356 549 465 609; x_wconf 92' lang='grc'><strong>331333</strong></span> <span class='ocrx_word' id='word_1_31' title='bbox 480 549 544 610; x_wconf 92' lang='grc'><strong>31133</strong></span> <span class='ocrx_word' id='word_1_32' title='bbox 559 551 661 611; x_wconf 90' lang='lat' dir='ltr'>sucida</span> <span class='ocrx_word' id='word_1_33' title='bbox 676 550 841 611; x_wconf 87' lang='lat' dir='ltr'>involutum</span> <span class='ocrx_word' id='word_1_34' title='bbox 850 551 996 612; x_wconf 90' lang='lat' dir='ltr'>medetur.</span> <span class='ocrx_word' id='word_1_35' title='bbox 1016 552 1127 613; x_wconf 90' lang='lat' dir='ltr'>Ranam</span> <span class='ocrx_word' id='word_1_36' title='bbox 1137 567 1188 614; x_wconf 83' lang='grc'>133</span> 
     </span>
     <span class='ocr_line' id='line_1_6' title="bbox 92 637 1133 721; baseline 0.006 -25"><span class='ocrx_word' id='word_1_37' title='bbox 92 639 156 699; x_wconf 84' lang='lat' dir='ltr'>ade</span> <span class='ocrx_word' id='word_1_38' title='bbox 180 638 246 698; x_wconf 91' lang='lat' dir='ltr'>lacu</span> <span class='ocrx_word' id='word_1_39' title='bbox 265 637 393 717; x_wconf 84' lang='lat' dir='ltr'>prendas</span> <span class='ocrx_word' id='word_1_40' title='bbox 417 647 448 698; x_wconf 96' lang='grc'>33</span> <span class='ocrx_word' id='word_1_41' title='bbox 471 641 554 718; x_wconf 91' lang='lat' dir='ltr'>spina</span> <span class='ocrx_word' id='word_1_42' title='bbox 579 639 681 700; x_wconf 91' lang='lat' dir='ltr'>oculos</span> <span class='ocrx_word' id='word_1_43' title='bbox 705 641 734 700; x_wconf 90' lang='grc'>31</span> <span class='ocrx_word' id='word_1_44' title='bbox 757 639 907 701; x_wconf 77' lang='lat' dir='ltr'>subtiliter</span> <span class='ocrx_word' id='word_1_45' title='bbox 930 659 1019 701; x_wconf 90' lang='lat' dir='ltr'>erues</span> <span class='ocrx_word' id='word_1_46' title='bbox 1045 650 1133 721; x_wconf 88' lang='lat' dir='ltr'>atque</span> 
     </span>
     <span class='ocr_line' id='line_1_7' title="bbox 119 726 1133 807; baseline 0.003 -19"><span class='ocrx_word' id='word_1_47' title='bbox 119 730 151 788; x_wconf 91' lang='lat' dir='ltr'>in</span> <span class='ocrx_word' id='word_1_48' title='bbox 170 744 266 805; x_wconf 93' lang='lat' dir='ltr'>panno</span> <span class='ocrx_word' id='word_1_49' title='bbox 285 729 426 788; x_wconf 89' lang='lat' dir='ltr'>coccineo</span> <span class='ocrx_word' id='word_1_50' title='bbox 451 727 488 787; x_wconf 92' lang='lat' dir='ltr'>de</span> <span class='ocrx_word' id='word_1_51' title='bbox 508 727 576 788; x_wconf 91' lang='lat' dir='ltr'>licio</span> <span class='ocrx_word' id='word_1_52' title='bbox 599 726 704 807; x_wconf 90' lang='lat' dir='ltr'>ligatos</span> <span class='ocrx_word' id='word_1_53' title='bbox 728 729 822 789; x_wconf 92' lang='lat' dir='ltr'>oculis</span> <span class='ocrx_word' id='word_1_54' title='bbox 846 731 973 790; x_wconf 90' lang='lat' dir='ltr'>interius</span> <span class='ocrx_word' id='word_1_55' title='bbox 999 733 1133 791; x_wconf 90' lang='lat' dir='ltr'>cruentis</span> 
     </span>
     <span class='ocr_line' id='line_1_8' title="bbox 120 816 1187 895; baseline 0.007 -19"><span class='ocrx_word' id='word_1_56' title='bbox 120 833 317 895; x_wconf 82' lang='lat' dir='ltr'>superpones,</span> <span class='ocrx_word' id='word_1_57' title='bbox 345 819 404 876; x_wconf 93' lang='lat' dir='ltr'>cito</span> <span class='ocrx_word' id='word_1_58' title='bbox 433 816 608 877; x_wconf 84' lang='lat' dir='ltr'>medeberis.</span> <span class='ocrx_word' id='word_1_59' title='bbox 654 817 712 877; x_wconf 90' lang='lat' dir='ltr'>Mel</span> <span class='ocrx_word' id='word_1_60' title='bbox 735 817 867 879; x_wconf 75' lang='lat' dir='ltr'>Atticum</span> <span class='ocrx_word' id='word_1_61' title='bbox 891 827 921 879; x_wconf 91' lang='grc'>33</span> <span class='ocrx_word' id='word_1_62' title='bbox 944 827 1062 881; x_wconf 88' lang='grc'><strong>3333333</strong></span> <span class='ocrx_word' id='word_1_63' title='bbox 1085 822 1187 883; x_wconf 75' lang='grc'><strong>13136</strong></span> 
     </span>
     <span class='ocr_line' id='line_1_9' title="bbox 119 904 1133 991; baseline 0.006 -27"><span class='ocrx_word' id='word_1_64' title='bbox 119 906 218 986; x_wconf 85' lang='lat' dir='ltr'>fantis,</span> <span class='ocrx_word' id='word_1_65' title='bbox 237 904 315 984; x_wconf 85' lang='lat' dir='ltr'>quod</span> <span class='ocrx_word' id='word_1_66' title='bbox 333 908 463 984; x_wconf 92' lang='lat' dir='ltr'>primum</span> <span class='ocrx_word' id='word_1_67' title='bbox 483 905 613 984; x_wconf 84' lang='lat' dir='ltr'>dimittit,</span> <span class='ocrx_word' id='word_1_68' title='bbox 633 908 733 966; x_wconf 91' lang='lat' dir='ltr'>statim</span> <span class='ocrx_word' id='word_1_69' title='bbox 748 925 784 967; x_wconf 85' lang='lat' dir='ltr'>ex</span> <span class='ocrx_word' id='word_1_70' title='bbox 803 907 878 968; x_wconf 90' lang='grc'><strong>13333</strong></span> <span class='ocrx_word' id='word_1_71' title='bbox 898 908 1041 991; x_wconf 90' lang='lat' dir='ltr'>mulieris,</span> <span class='ocrx_word' id='word_1_72' title='bbox 1058 929 1133 989; x_wconf 90' lang='lat' dir='ltr'>quae</span> 
     </span>
     <span class='ocr_line' id='line_1_10' title="bbox 117 993 1133 1077; baseline 0.005 -23"><span class='ocrx_word' id='word_1_73' title='bbox 117 1011 246 1072; x_wconf 90' lang='lat' dir='ltr'>puerum</span> <span class='ocrx_word' id='word_1_74' title='bbox 272 993 408 1074; x_wconf 88' lang='lat' dir='ltr'>allactat,</span> <span class='ocrx_word' id='word_1_75' title='bbox 436 995 631 1074; x_wconf 89' lang='lat' dir='ltr'>permiscebis</span> <span class='ocrx_word' id='word_1_76' title='bbox 663 1003 693 1056; x_wconf 89' lang='lat' dir='ltr'>et</span> <span class='ocrx_word' id='word_1_77' title='bbox 728 999 778 1056; x_wconf 92' lang='lat' dir='ltr'>sic.</span> <span class='ocrx_word' id='word_1_78' title='bbox 799 998 939 1077; x_wconf 88' lang='lat' dir='ltr'>inunges;</span> <span class='ocrx_word' id='word_1_79' title='bbox 969 1000 1020 1058; x_wconf 90' lang='lat' dir='ltr'>sed</span> <span class='ocrx_word' id='word_1_80' title='bbox 1048 1001 1133 1077; x_wconf 90' lang='lat' dir='ltr'>prius</span> 
     </span>
    </p>

    <p class='ocr_par' dir='ltr' id='par_1_3' title="bbox 77 1083 1183 1518">
     <span class='ocr_line' id='line_1_11' title="bbox 77 1083 1133 1166; baseline 0.007 -26"><span class='ocrx_word' id='word_1_81' title='bbox 77 1101 185 1143; x_wconf 82' lang='grc'><strong>13311111</strong></span> <span class='ocrx_word' id='word_1_82' title='bbox 212 1084 262 1162; x_wconf 88' lang='lat' dir='ltr'>qui</span> <span class='ocrx_word' id='word_1_83' title='bbox 285 1083 436 1144; x_wconf 91' lang='lat' dir='ltr'>curandus</span> <span class='ocrx_word' id='word_1_84' title='bbox 465 1091 511 1144; x_wconf 91' lang='lat' dir='ltr'>est</span> <span class='ocrx_word' id='word_1_85' title='bbox 538 1094 673 1144; x_wconf 87' lang='lat' dir='ltr'>erectum</span> <span class='ocrx_word' id='word_1_86' title='bbox 696 1083 733 1144; x_wconf 91' lang='lat' dir='ltr'>ad</span> <span class='ocrx_word' id='word_1_87' title='bbox 755 1085 864 1146; x_wconf 91' lang='lat' dir='ltr'>scalam</span> <span class='ocrx_word' id='word_1_88' title='bbox 887 1085 1035 1166; x_wconf 80' lang='lat' dir='ltr'>alligabis,</span> <span class='ocrx_word' id='word_1_89' title='bbox 1065 1091 1133 1165; x_wconf 90' lang='lat' dir='ltr'>quia</span> 
     </span>
     <span class='ocr_line' id='line_1_12' title="bbox 116 1171 1133 1253; baseline 0.001 -21"><span class='ocrx_word' id='word_1_90' title='bbox 116 1173 265 1232; x_wconf 84' lang='grc'><strong>33333313</strong></span> <span class='ocrx_word' id='word_1_91' title='bbox 289 1171 494 1247; x_wconf 85' lang='lat' dir='ltr'>medicaminis</span> <span class='ocrx_word' id='word_1_92' title='bbox 518 1183 572 1253; x_wconf 92' lang='lat' dir='ltr'>est,</span> <span class='ocrx_word' id='word_1_93' title='bbox 596 1181 630 1233; x_wconf 93' lang='lat' dir='ltr'>ut</span> <span class='ocrx_word' id='word_1_94' title='bbox 654 1191 718 1232; x_wconf 90' lang='lat' dir='ltr'>eam</span> <span class='ocrx_word' id='word_1_95' title='bbox 741 1176 800 1233; x_wconf 91' lang='lat' dir='ltr'>uisi</span> <span class='ocrx_word' id='word_1_96' title='bbox 823 1173 958 1252; x_wconf 86' lang='lat' dir='ltr'>alligatus</span> <span class='ocrx_word' id='word_1_97' title='bbox 983 1177 1133 1252; x_wconf 81' lang='lat' dir='ltr'>patienter</span> 
     </span>
     <span class='ocr_line' id='line_1_13' title="bbox 117 1262 1133 1342; baseline 0.003 -22"><span class='ocrx_word' id='word_1_98' title='bbox 117 1262 196 1321; x_wconf 87' lang='lat' dir='ltr'>ierre</span> <span class='ocrx_word' id='word_1_99' title='bbox 225 1279 285 1320; x_wconf 92' lang='lat' dir='ltr'>non</span> <span class='ocrx_word' id='word_1_100' title='bbox 313 1263 421 1342; x_wconf 73' lang='lat' dir='ltr'>possit,</span> <span class='ocrx_word' id='word_1_101' title='bbox 449 1263 535 1322; x_wconf 89' lang='lat' dir='ltr'>cuius</span> <span class='ocrx_word' id='word_1_102' title='bbox 558 1263 738 1322; x_wconf 88' lang='lat' dir='ltr'>beneficium</span> <span class='ocrx_word' id='word_1_103' title='bbox 760 1270 821 1321; x_wconf 91' lang='lat' dir='ltr'>tam</span> <span class='ocrx_word' id='word_1_104' title='bbox 845 1279 987 1339; x_wconf 84' lang='lat' dir='ltr'>praesens</span> <span class='ocrx_word' id='word_1_105' title='bbox 1012 1271 1070 1342; x_wconf 91' lang='lat' dir='ltr'>est,</span> <span class='ocrx_word' id='word_1_106' title='bbox 1099 1271 1133 1323; x_wconf 88' lang='lat' dir='ltr'>ut</span> 
     </span>
     <span class='ocr_line' id='line_1_14' title="bbox 119 1349 1131 1411; baseline 0.001 -2"><span class='ocrx_word' id='word_1_107' title='bbox 119 1354 206 1410; x_wconf 90' lang='lat' dir='ltr'>tertio</span> <span class='ocrx_word' id='word_1_108' title='bbox 230 1350 277 1410; x_wconf 90' lang='lat' dir='ltr'>die</span> <span class='ocrx_word' id='word_1_109' title='bbox 301 1349 435 1410; x_wconf 91' lang='lat' dir='ltr'>abstersa</span> <span class='ocrx_word' id='word_1_110' title='bbox 458 1353 540 1411; x_wconf 92' lang='lat' dir='ltr'>omni</span> <span class='ocrx_word' id='word_1_111' title='bbox 562 1350 677 1411; x_wconf 88' lang='lat' dir='ltr'>macula</span> <span class='ocrx_word' id='word_1_112' title='bbox 700 1350 825 1409; x_wconf 89' lang='lat' dir='ltr'>mirifice</span> <span class='ocrx_word' id='word_1_113' title='bbox 847 1351 943 1408; x_wconf 86' lang='lat' dir='ltr'>visum</span> <span class='ocrx_word' id='word_1_114' title='bbox 963 1351 1070 1411; x_wconf 88' lang='lat' dir='ltr'>reddat</span> <span class='ocrx_word' id='word_1_115' title='bbox 1088 1353 1131 1410; x_wconf 93' lang='lat' dir='ltr'>in-</span> 
     </span>
     <span class='ocr_line' id='line_1_15' title="bbox 117 1437 1183 1518; baseline 0.002 -19"><span class='ocrx_word' id='word_1_116' title='bbox 117 1438 272 1499; x_wconf 89' lang='lat' dir='ltr'>columem.</span> <span class='ocrx_word' id='word_1_117' title='bbox 318 1438 361 1499; x_wconf 77' lang='lat' dir='ltr'>tu</span> <span class='ocrx_word' id='word_1_118' title='bbox 390 1441 559 1499; x_wconf 84' lang='lat' dir='ltr'>cicatricem</span> <span class='ocrx_word' id='word_1_119' title='bbox 587 1439 632 1500; x_wconf 89' lang='lat' dir='ltr'>rel</span> <span class='ocrx_word' id='word_1_120' title='bbox 660 1437 815 1518; x_wconf 86' lang='lat' dir='ltr'>plumbum</span> <span class='ocrx_word' id='word_1_121' title='bbox 844 1439 1065 1499; x_wconf 86' lang='lat' dir='ltr'>extenuandum</span> <span class='ocrx_word' id='word_1_122' title='bbox 1096 1449 1183 1502; x_wconf 80' lang='grc'><strong>33131</strong></span> 
     </span>
    </p>

    <p class='ocr_par' dir='ltr' id='par_1_4' title="bbox 74 1527 1131 1964">
     <span class='ocr_line' id='line_1_16' title="bbox 74 1527 1130 1608; baseline 0.002 -22"><span class='ocrx_word' id='word_1_123' title='bbox 74 1546 101 1586; x_wconf 89' lang='grc'>33</span> <span class='ocrx_word' id='word_1_124' title='bbox 115 1527 333 1606; x_wconf 87' lang='lat' dir='ltr'>aspritudinem</span> <span class='ocrx_word' id='word_1_125' title='bbox 351 1530 596 1608; x_wconf 89' lang='lat' dir='ltr'>pruriginemque</span> <span class='ocrx_word' id='word_1_126' title='bbox 613 1528 767 1589; x_wconf 91' lang='lat' dir='ltr'>oculorum</span> <span class='ocrx_word' id='word_1_127' title='bbox 786 1527 970 1606; x_wconf 83' lang='lat' dir='ltr'>purgandam</span> <span class='ocrx_word' id='word_1_128' title='bbox 995 1536 1024 1588; x_wconf 93' lang='lat' dir='ltr'>et</span> <span class='ocrx_word' id='word_1_129' title='bbox 1049 1547 1130 1588; x_wconf 91' lang='lat' dir='ltr'>umo-</span> 
     </span>
     <span class='ocr_line' id='line_1_17' title="bbox 115 1616 1131 1696; baseline 0 -19"><span class='ocrx_word' id='word_1_130' title='bbox 115 1635 180 1677; x_wconf 89' lang='lat' dir='ltr'>rem</span> <span class='ocrx_word' id='word_1_131' title='bbox 204 1616 378 1677; x_wconf 92' lang='lat' dir='ltr'>siccandum</span> <span class='ocrx_word' id='word_1_132' title='bbox 401 1624 431 1676; x_wconf 91' lang='lat' dir='ltr'>et</span> <span class='ocrx_word' id='word_1_133' title='bbox 450 1617 486 1678; x_wconf 90' lang='lat' dir='ltr'>ad</span> <span class='ocrx_word' id='word_1_134' title='bbox 505 1617 625 1678; x_wconf 89' lang='lat' dir='ltr'>scabras</span> <span class='ocrx_word' id='word_1_135' title='bbox 644 1636 678 1678; x_wconf 93' lang='lat' dir='ltr'>ac</span> <span class='ocrx_word' id='word_1_136' title='bbox 703 1616 838 1678; x_wconf 91' lang='lat' dir='ltr'>scabidas</span> <span class='ocrx_word' id='word_1_137' title='bbox 861 1616 1018 1695; x_wconf 86' lang='lat' dir='ltr'>palpebras</span> <span class='ocrx_word' id='word_1_138' title='bbox 1042 1626 1131 1696; x_wconf 88' lang='lat' dir='ltr'>atque</span> 
     </span>
     <span class='ocr_line' id='line_1_18' title="bbox 115 1705 1130 1785; baseline 0.001 -20"><span class='ocrx_word' id='word_1_139' title='bbox 115 1705 171 1766; x_wconf 91' lang='lat' dir='ltr'>alia</span> <span class='ocrx_word' id='word_1_140' title='bbox 199 1706 355 1766; x_wconf 91' lang='lat' dir='ltr'>oculorum</span> <span class='ocrx_word' id='word_1_141' title='bbox 383 1707 453 1766; x_wconf 91' lang='lat' dir='ltr'>vitia</span> <span class='ocrx_word' id='word_1_142' title='bbox 477 1725 570 1768; x_wconf 92' lang='lat' dir='ltr'>unum</span> <span class='ocrx_word' id='word_1_143' title='bbox 594 1707 650 1768; x_wconf 94' lang='lat' dir='ltr'>hoc</span> <span class='ocrx_word' id='word_1_144' title='bbox 674 1707 840 1768; x_wconf 89' lang='lat' dir='ltr'>remedium</span> <span class='ocrx_word' id='word_1_145' title='bbox 867 1706 912 1766; x_wconf 89' lang='lat' dir='ltr'>vel</span> <span class='ocrx_word' id='word_1_146' title='bbox 934 1708 1130 1785; x_wconf 90' lang='lat' dir='ltr'>praecipuum</span> 
     </span>
     <span class='ocr_line' id='line_1_19' title="bbox 115 1793 1129 1875; baseline 0.001 -20"><span class='ocrx_word' id='word_1_147' title='bbox 115 1803 175 1855; x_wconf 87' lang='lat' dir='ltr'>est:</span> <span class='ocrx_word' id='word_1_148' title='bbox 221 1793 302 1854; x_wconf 85' lang='lat' dir='ltr'>Folia</span> <span class='ocrx_word' id='word_1_149' title='bbox 329 1794 463 1873; x_wconf 88' lang='lat' dir='ltr'>oleagina</span> <span class='ocrx_word' id='word_1_150' title='bbox 490 1796 734 1856; x_wconf 90' lang='lat' dir='ltr'>commanducato</span> <span class='ocrx_word' id='word_1_151' title='bbox 772 1795 930 1874; x_wconf 82' lang='lat' dir='ltr'>diligenter</span> <span class='ocrx_word' id='word_1_152' title='bbox 965 1814 1129 1875; x_wconf 91' lang='lat' dir='ltr'>eorumque</span> 
     </span>
     <span class='ocr_line' id='line_1_20' title="bbox 115 1883 1128 1964; baseline 0.001 -20"><span class='ocrx_word' id='word_1_153' title='bbox 115 1901 202 1964; x_wconf 90' lang='lat' dir='ltr'>suco,</span> <span class='ocrx_word' id='word_1_154' title='bbox 230 1901 318 1962; x_wconf 88' lang='lat' dir='ltr'>quem</span> <span class='ocrx_word' id='word_1_155' title='bbox 342 1885 372 1944; x_wconf 93' lang='lat' dir='ltr'>in</span> <span class='ocrx_word' id='word_1_156' title='bbox 397 1903 448 1944; x_wconf 90' lang='lat' dir='ltr'>ore</span> <span class='ocrx_word' id='word_1_157' title='bbox 472 1883 642 1964; x_wconf 87' lang='lat' dir='ltr'>collegeris,</span> <span class='ocrx_word' id='word_1_158' title='bbox 670 1884 778 1944; x_wconf 82' lang='lat' dir='ltr'>cotidie</span> <span class='ocrx_word' id='word_1_159' title='bbox 806 1886 925 1944; x_wconf 90' lang='lat' dir='ltr'>ieiunus</span> <span class='ocrx_word' id='word_1_160' title='bbox 953 1885 1056 1945; x_wconf 89' lang='lat' dir='ltr'>oculos</span> <span class='ocrx_word' id='word_1_161' title='bbox 1080 1885 1128 1945; x_wconf 91' lang='lat' dir='ltr'>ab·</span> 
     </span>
    </p>

    <p class='ocr_par' dir='ltr' id='par_1_5' title="bbox 75 1971 1182 2408">
     <span class='ocr_line' id='line_1_21' title="bbox 75 1971 1130 2052; baseline 0.001 -21"><span class='ocrx_word' id='word_1_162' title='bbox 75 1989 102 2029; x_wconf 79' lang='lat' dir='ltr'>ro</span> <span class='ocrx_word' id='word_1_163' title='bbox 116 1972 221 2050; x_wconf 88' lang='lat' dir='ltr'>lingito</span> <span class='ocrx_word' id='word_1_164' title='bbox 240 1972 286 2032; x_wconf 85' lang='lat' dir='ltr'>vel</span> <span class='ocrx_word' id='word_1_165' title='bbox 305 1971 422 2034; x_wconf 91' lang='lat' dir='ltr'>inlinito</span> <span class='ocrx_word' id='word_1_166' title='bbox 441 1991 496 2051; x_wconf 92' lang='lat' dir='ltr'>per</span> <span class='ocrx_word' id='word_1_167' title='bbox 515 1972 654 2052; x_wconf 89' lang='lat' dir='ltr'>linguam,</span> <span class='ocrx_word' id='word_1_168' title='bbox 673 1971 811 2031; x_wconf 85' lang='lat' dir='ltr'>celeriter</span> <span class='ocrx_word' id='word_1_169' title='bbox 824 1974 894 2031; x_wconf 90' lang='lat' dir='ltr'>vitia</span> <span class='ocrx_word' id='word_1_170' title='bbox 910 1990 999 2050; x_wconf 92' lang='lat' dir='ltr'>supra</span> <span class='ocrx_word' id='word_1_171' title='bbox 1020 1976 1130 2051; x_wconf 89' lang='lat' dir='ltr'>scripta</span> 
     </span>
     <span class='ocr_line' id='line_1_22' title="bbox 116 2058 1182 2140; baseline 0.002 -20"><span class='ocrx_word' id='word_1_172' title='bbox 116 2061 266 2121; x_wconf 89' lang='lat' dir='ltr'>discuties.</span> <span class='ocrx_word' id='word_1_173' title='bbox 303 2060 347 2120; x_wconf 88' lang='lat' dir='ltr'>Ex</span> <span class='ocrx_word' id='word_1_174' title='bbox 370 2061 564 2122; x_wconf 91' lang='lat' dir='ltr'>birundinum</span> <span class='ocrx_word' id='word_1_175' title='bbox 583 2060 672 2140; x_wconf 90' lang='lat' dir='ltr'>pullis</span> <span class='ocrx_word' id='word_1_176' title='bbox 698 2061 732 2120; x_wconf 89' lang='grc'>113</span> <span class='ocrx_word' id='word_1_177' title='bbox 755 2058 986 2138; x_wconf 90' lang='lat' dir='ltr'>calliblepharon</span> <span class='ocrx_word' id='word_1_178' title='bbox 1004 2060 1182 2140; x_wconf 81' lang='lat' dir='ltr'>bonum,138</span> 
     </span>
     <span class='ocr_line' id='line_1_23' title="bbox 115 2148 1129 2229; baseline -0.001 -20"><span class='ocrx_word' id='word_1_179' title='bbox 115 2149 194 2228; x_wconf 91' lang='lat' dir='ltr'>quod</span> <span class='ocrx_word' id='word_1_180' title='bbox 222 2149 439 2228; x_wconf 86' lang='lat' dir='ltr'>aspritudinem</span> <span class='ocrx_word' id='word_1_181' title='bbox 466 2151 711 2229; x_wconf 88' lang='lat' dir='ltr'>pruriginemque</span> <span class='ocrx_word' id='word_1_182' title='bbox 740 2148 895 2209; x_wconf 90' lang='lat' dir='ltr'>oculorum</span> <span class='ocrx_word' id='word_1_183' title='bbox 918 2155 1057 2226; x_wconf 89' lang='lat' dir='ltr'>potenter</span> <span class='ocrx_word' id='word_1_184' title='bbox 1081 2167 1129 2209; x_wconf 85' lang='lat' dir='ltr'>ex-</span> 
     </span>
     <span class='ocr_line' id='line_1_24' title="bbox 114 2237 1129 2321; baseline 0.001 -23"><span class='ocrx_word' id='word_1_185' title='bbox 114 2245 223 2317; x_wconf 89' lang='lat' dir='ltr'>purgat</span> <span class='ocrx_word' id='word_1_186' title='bbox 245 2257 301 2299; x_wconf 88' lang='grc'>333</span> <span class='ocrx_word' id='word_1_187' title='bbox 319 2241 432 2317; x_wconf 90' lang='lat' dir='ltr'>patitur</span> <span class='ocrx_word' id='word_1_188' title='bbox 451 2241 610 2318; x_wconf 89' lang='lat' dir='ltr'>quicquam</span> <span class='ocrx_word' id='word_1_189' title='bbox 628 2241 660 2298; x_wconf 94' lang='lat' dir='ltr'>in</span> <span class='ocrx_word' id='word_1_190' title='bbox 680 2239 726 2299; x_wconf 92' lang='lat' dir='ltr'>his</span> <span class='ocrx_word' id='word_1_191' title='bbox 751 2237 903 2298; x_wconf 90' lang='lat' dir='ltr'>molestiae</span> <span class='ocrx_word' id='word_1_192' title='bbox 925 2256 1129 2321; x_wconf 86' lang='lat' dir='ltr'>concrescere,</span> 
     </span>
     <span class='ocr_line' id='line_1_25' title="bbox 115 2326 1129 2408; baseline 0.002 -20"><span class='ocrx_word' id='word_1_193' title='bbox 115 2327 232 2388; x_wconf 90' lang='lat' dir='ltr'>umidos</span> <span class='ocrx_word' id='word_1_194' title='bbox 251 2346 370 2407; x_wconf 89' lang='lat' dir='ltr'>quoque</span> <span class='ocrx_word' id='word_1_195' title='bbox 389 2328 564 2389; x_wconf 90' lang='lat' dir='ltr'>naturaliter</span> <span class='ocrx_word' id='word_1_196' title='bbox 583 2327 685 2390; x_wconf 90' lang='lat' dir='ltr'>oculos</span> <span class='ocrx_word' id='word_1_197' title='bbox 701 2330 840 2408; x_wconf 83' lang='lat' dir='ltr'>exsiccat,</span> <span class='ocrx_word' id='word_1_198' title='bbox 867 2326 946 2408; x_wconf 93' lang='lat' dir='ltr'>quod</span> <span class='ocrx_word' id='word_1_199' title='bbox 965 2326 1022 2388; x_wconf 92' lang='lat' dir='ltr'>boc</span> <span class='ocrx_word' id='word_1_200' title='bbox 1041 2329 1129 2390; x_wconf 92' lang='lat' dir='ltr'>modo</span> 
     </span>
    </p>

    <p class='ocr_par' dir='ltr' id='par_1_6' title="bbox 74 2416 1181 2853">
     <span class='ocr_line' id='line_1_26' title="bbox 74 2416 1129 2498; baseline 0.004 -24"><span class='ocrx_word' id='word_1_201' title='bbox 74 2433 100 2474; x_wconf 83' lang='grc'>33</span> <span class='ocrx_word' id='word_1_202' title='bbox 115 2418 317 2494; x_wconf 90' lang='lat' dir='ltr'>componitur:</span> <span class='ocrx_word' id='word_1_203' title='bbox 337 2416 439 2496; x_wconf 81' lang='lat' dir='ltr'>Capita</span> <span class='ocrx_word' id='word_1_204' title='bbox 458 2417 607 2497; x_wconf 89' lang='lat' dir='ltr'>pullorum</span> <span class='ocrx_word' id='word_1_205' title='bbox 627 2436 714 2498; x_wconf 90' lang='lat' dir='ltr'>quam</span> <span class='ocrx_word' id='word_1_206' title='bbox 733 2417 861 2498; x_wconf 92' lang='lat' dir='ltr'>plurima</span> <span class='ocrx_word' id='word_1_207' title='bbox 880 2420 948 2498; x_wconf 89' lang='lat' dir='ltr'>igne</span> <span class='ocrx_word' id='word_1_208' title='bbox 963 2417 1129 2479; x_wconf 89' lang='lat' dir='ltr'>lentissimo</span> 
     </span>
     <span class='ocr_line' id='line_1_27' title="bbox 114 2504 1128 2586; baseline 0.001 -21"><span class='ocrx_word' id='word_1_209' title='bbox 114 2504 332 2566; x_wconf 90' lang='lat' dir='ltr'>comburuntur</span> <span class='ocrx_word' id='word_1_210' title='bbox 360 2513 390 2566; x_wconf 92' lang='lat' dir='ltr'>et</span> <span class='ocrx_word' id='word_1_211' title='bbox 416 2509 486 2567; x_wconf 92' lang='lat' dir='ltr'>trita</span> <span class='ocrx_word' id='word_1_212' title='bbox 515 2509 545 2567; x_wconf 93' lang='lat' dir='ltr'>in</span> <span class='ocrx_word' id='word_1_213' title='bbox 572 2507 725 2586; x_wconf 90' lang='lat' dir='ltr'>pulverem</span> <span class='ocrx_word' id='word_1_214' title='bbox 753 2509 963 2570; x_wconf 90' lang='lat' dir='ltr'>tenuissimum</span> <span class='ocrx_word' id='word_1_215' title='bbox 989 2508 1128 2586; x_wconf 89' lang='lat' dir='ltr'>redigun-</span> 
     </span>
     <span class='ocr_line' id='line_1_28' title="bbox 113 2595 1127 2676; baseline 0.001 -22"><span class='ocrx_word' id='word_1_216' title='bbox 113 2603 173 2676; x_wconf 91' lang='lat' dir='ltr'>tur,</span> <span class='ocrx_word' id='word_1_217' title='bbox 192 2613 267 2673; x_wconf 87' lang='lat' dir='ltr'>quae</span> <span class='ocrx_word' id='word_1_218' title='bbox 286 2595 414 2656; x_wconf 83' lang='lat' dir='ltr'>admixta</span> <span class='ocrx_word' id='word_1_219' title='bbox 432 2598 548 2657; x_wconf 86' lang='lat' dir='ltr'>recenti</span> <span class='ocrx_word' id='word_1_220' title='bbox 566 2596 652 2676; x_wconf 91' lang='lat' dir='ltr'>adipe</span> <span class='ocrx_word' id='word_1_221' title='bbox 671 2596 796 2676; x_wconf 88' lang='lat' dir='ltr'>gallinae</span> <span class='ocrx_word' id='word_1_222' title='bbox 814 2599 982 2658; x_wconf 87' lang='lat' dir='ltr'>inunctioni</span> <span class='ocrx_word' id='word_1_223' title='bbox 1001 2599 1127 2655; x_wconf 82' lang='lat' dir='ltr'>maxime</span> 
     </span>
     <span class='ocr_line' id='line_1_29' title="bbox 114 2683 1181 2765; baseline -0.002 -21"><span class='ocrx_word' id='word_1_224' title='bbox 114 2692 248 2762; x_wconf 90' lang='lat' dir='ltr'>prosunt.</span> <span class='ocrx_word' id='word_1_225' title='bbox 290 2683 380 2745; x_wconf 92' lang='lat' dir='ltr'>lntibi</span> <span class='ocrx_word' id='word_1_226' title='bbox 403 2687 521 2765; x_wconf 88' lang='lat' dir='ltr'>rustici,</span> <span class='ocrx_word' id='word_1_227' title='bbox 549 2685 586 2745; x_wconf 91' lang='lat' dir='ltr'>de</span> <span class='ocrx_word' id='word_1_228' title='bbox 610 2705 669 2764; x_wconf 89' lang='lat' dir='ltr'>quo</span> <span class='ocrx_word' id='word_1_229' title='bbox 692 2693 858 2746; x_wconf 88' lang='lat' dir='ltr'>nascuntur</span> <span class='ocrx_word' id='word_1_230' title='bbox 882 2684 1020 2746; x_wconf 89' lang='lat' dir='ltr'>cauliculi</span> <span class='ocrx_word' id='word_1_231' title='bbox 1045 2703 1122 2744; x_wconf 91' lang='lat' dir='ltr'>com·</span> <span class='ocrx_word' id='word_1_232' title='bbox 1130 2695 1181 2742; x_wconf 84' lang='lat'>139</span> 
     </span>
     <span class='ocr_line' id='line_1_30' title="bbox 113 2770 1127 2853; baseline -0.001 -21"><span class='ocrx_word' id='word_1_233' title='bbox 113 2770 225 2853; x_wconf 91' lang='lat' dir='ltr'>plures,</span> <span class='ocrx_word' id='word_1_234' title='bbox 248 2775 369 2834; x_wconf 90' lang='lat' dir='ltr'>contriti</span> <span class='ocrx_word' id='word_1_235' title='bbox 392 2791 482 2834; x_wconf 90' lang='lat' dir='ltr'>sucus</span> <span class='ocrx_word' id='word_1_236' title='bbox 505 2775 537 2831; x_wconf 94' lang='lat' dir='ltr'>in</span> <span class='ocrx_word' id='word_1_237' title='bbox 563 2773 683 2833; x_wconf 91' lang='lat' dir='ltr'>oculum</span> <span class='ocrx_word' id='word_1_238' title='bbox 705 2773 866 2834; x_wconf 87' lang='lat' dir='ltr'>instillatus</span> <span class='ocrx_word' id='word_1_239' title='bbox 890 2773 1028 2832; x_wconf 88' lang='lat' dir='ltr'>celeriter</span> <span class='ocrx_word' id='word_1_240' title='bbox 1052 2775 1127 2833; x_wconf 92' lang='grc'><strong>3133-</strong></span> 
     </span>
    </p>

    <p class='ocr_par' dir='ltr' id='par_1_7' title="bbox 71 2859 1180 3297">
     <span class='ocr_line' id='line_1_31' title="bbox 71 2859 1180 2940; baseline 0.001 -22"><span class='ocrx_word' id='word_1_241' title='bbox 71 2879 100 2919; x_wconf 82' lang='grc'>33</span> <span class='ocrx_word' id='word_1_242' title='bbox 114 2863 205 2922; x_wconf 90' lang='grc'><strong>331333</strong></span> <span class='ocrx_word' id='word_1_243' title='bbox 225 2870 254 2921; x_wconf 92' lang='grc'>33</span> <span class='ocrx_word' id='word_1_244' title='bbox 273 2861 426 2940; x_wconf 91' lang='lat' dir='ltr'>plumbum</span> <span class='ocrx_word' id='word_1_245' title='bbox 445 2859 601 2920; x_wconf 92' lang='lat' dir='ltr'>oculorum</span> <span class='ocrx_word' id='word_1_246' title='bbox 620 2862 731 2920; x_wconf 83' lang='lat' dir='ltr'>eximit.</span> <span class='ocrx_word' id='word_1_247' title='bbox 766 2859 861 2936; x_wconf 84' lang='lat' dir='ltr'>Caput</span> <span class='ocrx_word' id='word_1_248' title='bbox 880 2860 1024 2921; x_wconf 88' lang='lat' dir='ltr'>stellionis</span> <span class='ocrx_word' id='word_1_249' title='bbox 1044 2871 1180 2919; x_wconf 83' lang='lat' dir='ltr'>com-140</span> 
     </span>
     <span class='ocr_line' id='line_1_32' title="bbox 113 2946 1126 3011; baseline -0.007 0"><span class='ocrx_word' id='word_1_250' title='bbox 113 2949 236 3011; x_wconf 90' lang='lat' dir='ltr'>bustum</span> <span class='ocrx_word' id='word_1_251' title='bbox 260 2959 289 3010; x_wconf 92' lang='lat' dir='ltr'>et</span> <span class='ocrx_word' id='word_1_252' title='bbox 311 2954 417 3010; x_wconf 92' lang='lat' dir='ltr'>tritum</span> <span class='ocrx_word' id='word_1_253' title='bbox 446 2956 476 3008; x_wconf 90' lang='grc'>33</span> <span class='ocrx_word' id='word_1_254' title='bbox 503 2946 585 3007; x_wconf 92' lang='lat' dir='ltr'>melli</span> <span class='ocrx_word' id='word_1_255' title='bbox 607 2948 705 3006; x_wconf 80' lang='lat' dir='ltr'>Attico</span> <span class='ocrx_word' id='word_1_256' title='bbox 729 2946 892 3006; x_wconf 87' lang='lat' dir='ltr'>admixtum</span> <span class='ocrx_word' id='word_1_257' title='bbox 915 2946 1018 3005; x_wconf 91' lang='lat' dir='ltr'>oculos</span> <span class='ocrx_word' id='word_1_258' title='bbox 1041 2947 1126 3005; x_wconf 92' lang='lat' dir='ltr'>lacri-</span> 
     </span>
     <span class='ocr_line' id='line_1_33' title="bbox 113 3033 1178 3100; baseline -0.006 0"><span class='ocrx_word' id='word_1_259' title='bbox 113 3057 212 3100; x_wconf 89' lang='lat' dir='ltr'>mosos</span> <span class='ocrx_word' id='word_1_260' title='bbox 230 3041 404 3100; x_wconf 89' lang='lat' dir='ltr'>inunctione</span> <span class='ocrx_word' id='word_1_261' title='bbox 421 3037 544 3099; x_wconf 90' lang='lat' dir='ltr'>adsidua</span> <span class='ocrx_word' id='word_1_262' title='bbox 559 3038 651 3097; x_wconf 89' lang='lat' dir='ltr'>siccat</span> <span class='ocrx_word' id='word_1_263' title='bbox 666 3043 696 3096; x_wconf 89' lang='grc'>33</span> <span class='ocrx_word' id='word_1_264' title='bbox 710 3041 801 3096; x_wconf 91' lang='lat' dir='ltr'>sanat.</span> <span class='ocrx_word' id='word_1_265' title='bbox 834 3033 987 3094; x_wconf 89' lang='lat' dir='ltr'>Pulmonis</span> <span class='ocrx_word' id='word_1_266' title='bbox 1003 3033 1178 3094; x_wconf 83' lang='lat' dir='ltr'>haedini141</span> 
     </span>
     <span class='ocr_line' id='line_1_34' title="bbox 113 3121 1125 3206; baseline -0.007 -18"><span class='ocrx_word' id='word_1_267' title='bbox 113 3127 263 3189; x_wconf 88' lang='lat' dir='ltr'>combusti</span> <span class='ocrx_word' id='word_1_268' title='bbox 281 3130 356 3188; x_wconf 91' lang='lat' dir='ltr'>cinis</span> <span class='ocrx_word' id='word_1_269' title='bbox 374 3129 545 3206; x_wconf 90' lang='lat' dir='ltr'>prurigines</span> <span class='ocrx_word' id='word_1_270' title='bbox 564 3124 718 3187; x_wconf 91' lang='lat' dir='ltr'>oculorum</span> <span class='ocrx_word' id='word_1_271' title='bbox 738 3124 860 3184; x_wconf 87' lang='lat' dir='ltr'>discutit</span> <span class='ocrx_word' id='word_1_272' title='bbox 879 3130 909 3183; x_wconf 89' lang='grc'>33</span> <span class='ocrx_word' id='word_1_273' title='bbox 928 3121 1047 3182; x_wconf 87' lang='lat' dir='ltr'>scabras</span> <span class='ocrx_word' id='word_1_274' title='bbox 1066 3122 1125 3200; x_wconf 94' lang='lat' dir='ltr'>pal·</span> 
     </span>
     <span class='ocr_line' id='line_1_35' title="bbox 111 3210 1178 3297; baseline -0.007 -20"><span class='ocrx_word' id='word_1_275' title='bbox 111 3216 220 3297; x_wconf 88' lang='lat' dir='ltr'>pebras</span> <span class='ocrx_word' id='word_1_276' title='bbox 244 3217 390 3296; x_wconf 92' lang='lat' dir='ltr'>emendat,</span> <span class='ocrx_word' id='word_1_277' title='bbox 414 3219 439 3277; x_wconf 93' lang='lat' dir='ltr'>si</span> <span class='ocrx_word' id='word_1_278' title='bbox 463 3218 549 3297; x_wconf 93' lang='lat' dir='ltr'>quasi</span> <span class='ocrx_word' id='word_1_279' title='bbox 572 3215 695 3277; x_wconf 90' lang='lat' dir='ltr'>stibium</span> <span class='ocrx_word' id='word_1_280' title='bbox 719 3217 887 3293; x_wconf 89' lang='lat' dir='ltr'>inponatur.</span> <span class='ocrx_word' id='word_1_281' title='bbox 925 3211 1003 3272; x_wconf 86' lang='lat' dir='ltr'>Felle</span> <span class='ocrx_word' id='word_1_282' title='bbox 1023 3210 1178 3272; x_wconf 80' lang='grc'><strong>3333111143</strong></span> 
     </span>
    </p>

    <p class='ocr_par' dir='ltr' id='par_1_8' title="bbox 71 3300 1125 3384">
     <span class='ocr_line' id='line_1_36' title="bbox 71 3300 1125 3384; baseline -0.004 -21"><span class='ocrx_word' id='word_1_283' title='bbox 71 3322 98 3364; x_wconf 87' lang='grc'>33</span> <span class='ocrx_word' id='word_1_284' title='bbox 112 3305 230 3367; x_wconf 91' lang='lat' dir='ltr'>dierum</span> <span class='ocrx_word' id='word_1_285' title='bbox 258 3313 373 3384; x_wconf 89' lang='lat' dir='ltr'>septem</span> <span class='ocrx_word' id='word_1_286' title='bbox 401 3306 480 3366; x_wconf 91' lang='lat' dir='ltr'>oculi</span> <span class='ocrx_word' id='word_1_287' title='bbox 507 3324 544 3366; x_wconf 83' lang='lat' dir='ltr'>ex</span> <span class='ocrx_word' id='word_1_288' title='bbox 571 3304 658 3366; x_wconf 88' lang='lat' dir='ltr'>melle</span> <span class='ocrx_word' id='word_1_289' title='bbox 686 3305 802 3365; x_wconf 91' lang='lat' dir='ltr'>inuncti</span> <span class='ocrx_word' id='word_1_290' title='bbox 829 3305 888 3364; x_wconf 92' lang='lat' dir='ltr'>cito</span> <span class='ocrx_word' id='word_1_291' title='bbox 916 3320 932 3362; x_wconf 90' lang='grc'>3</span> <span class='ocrx_word' id='word_1_292' title='bbox 961 3300 1125 3362; x_wconf 90' lang='lat' dir='ltr'>leucomate</span> 
     </span>
    </p>
   </div>
   <div class='ocr_carea' id='block_1_3' title="bbox 184 3491 1164 3638">
    <p class='ocr_par' dir='ltr' id='par_1_9' title="bbox 184 3491 1164 3638">
     <span class='ocr_line' id='line_1_37' title="bbox 184 3491 1164 3569; baseline -0.009 -20"><span class='ocrx_word' id='word_1_293' title='bbox 184 3494 631 3565; x_wconf 74' lang='grc'><strong>313311131331333133033333133.</strong></span> <span class='ocrx_word' id='word_1_294' title='bbox 650 3491 1164 3569; x_wconf 59' lang='lat' dir='ltr'>28cauliculilarticulxbtepieonua.</span> 
     </span>
     <span class='ocr_line' id='line_1_38' title="bbox 964 3583 1004 3638; baseline 0 -23"><span class='ocrx_word' id='word_1_295' title='bbox 964 3583 1004 3638; x_wconf 50' lang='lat' dir='ltr'>pfl·</span> 
     </span>
    </p>
   </div>
   <div class='ocr_carea' id='block_1_4' title="bbox 0 0 1224 3802">
    <p class='ocr_par' dir='ltr' id='par_1_10' title="bbox 0 0 1224 3802">
     <span class='ocr_line' id='line_1_39' title="bbox 0 0 1224 3802; baseline 0 2"><span class='ocrx_word' id='word_1_296' title='bbox 0 0 1224 3802; x_wconf 95' lang='lat' dir='ltr'> </span> 
     </span>
    </p>
   </div>
  </div>
 </body>
</html>
