2438 3802
495 144 731 208 -187-

534 321 612 382 CAP.
636 322 697 383 XX.

105 436 162 492 Ati
190 433 303 491 omnia
330 433 497 490 stomaohi
522 434 605 490 vitia
632 438 668 490 et
694 436 740 490 ad
762 449 881 491 omnes
903 437 977 492 eius
1001 451 1121 495 oausas

105 526 142 580 et
160 522 297 579 dolores
314 526 349 579 et
367 523 413 578 ad
432 536 567 578 omnem
587 523 791 580 eruditatem
805 527 909 593 atque
923 526 1122 594 indigeriem

105 611 345 682 depellendam
364 614 399 668 et
417 612 462 666 ad
480 625 617 667 omnem
633 613 804 669 viseerum
818 616 921 683 atque
936 615 1123 684 aqualiouli

104 700 397 757 confirmationem
416 700 578 768 antidota,
596 701 827 771 epithematia,
850 703 1018 771 potiones,
1039 718 1121 772 oxy·

103 790 219 861 poris,
250 789 430 845 unctiones
462 789 596 856 aliaque
633 790 799 846 nonnulla
834 791 1049 848 rationabilia
1086 796 1121 848 et

162 877 304 947 physica
325 877 476 933 remedia
499 877 632 933 diverse
654 879 897 947 experimentis
919 882 1063 951 probate

440 979 594 1035 ⁴usuque
619 966 772 1024 oolleota.

195 1102 361 1183 Principale
391 1111 480 1182 atque
511 1105 633 1163 unicum
661 1104 826 1165 remedium
854 1105 890 1165 ad
919 1107 1063 1167 stomachi
1091 1119 1154 1170 etl

104 1193 207 1254 lateris
227 1191 359 1252 dolorem
379 1191 494 1270 aliaque
513 1191 653 1252 nonnulla
673 1194 783 1254 interni
802 1196 936 1272 corporis
959 1194 1042 1274 mala,
1066 1213 1120 1255 seu

105 1299 175 1342 cum
202 1279 285 1341 febre
316 1282 377 1340 sive
402 1282 466 1340 sine
490 1279 573 1341 febre
597 1280 716 1341 fuerint.
763 1280 817 1341 Est
840 1284 919 1342 enim
945 1284 1119 1361 compositio

105 1369 239 1451 mirifica,
258 1369 360 1430 multis
374 1370 494 1429 omnino
512 1371 678 1430 necessaria
698 1368 774 1428 iufra
795 1371 916 1447 scriptis
934 1372 1040 1450 causis,
1060 1389 1120 1432 non

76 1460 239 1538 signorata
267 1458 386 1537 quidem
415 1456 633 1536 antiquioribus
660 1458 784 1518 medicis
812 1465 935 1538 propter
960 1459 1120 1520 effectuum

104 1546 293 1628 probitatem,
312 1547 364 1607 scd
384 1549 545 1626 praecipue
562 1565 578 1606 a
592 1547 698 1608 Paccio
713 1547 858 1609 Antiocho
874 1547 1008 1608 auditore
1022 1547 1119 1608 Philo·

104 1635 183 1698 nidis
207 1635 386 1697 Catiniensis
409 1654 466 1696 usu
490 1635 659 1717 inlustrata3
689 1636 759 1696 fecit
787 1638 867 1696 euim
890 1655 1012 1716 magnos
1032 1655 1119 1715 quae·

104 1734 170 1786 stus
194 1743 229 1785 ex
253 1743 287 1784 ea
310 1732 434 1804 propter
458 1723 580 1785 crebros
602 1743 760 1785 successus
779 1727 810 1784 in
829 1727 909 1786 vitiis
928 1725 1119 1806 difficillimis,

103 1813 157 1874 sed
180 1832 217 1875 ue
241 1813 290 1874 hic
314 1814 434 1893 quidem
457 1831 596 1892 umquam
616 1813 669 1874 ulii
688 1815 771 1874 vivus
789 1816 854 1873 vivo
875 1815 1119 1893 compositionem

62 1919 90 1960 ιο
103 1905 192 1964 istam
215 1903 353 1964 ostendit.
390 1903 462 1963 Post
485 1911 612 1962 mortem
631 1901 752 1962 Tiberio
771 1902 890 1962 Caesari
913 1921 968 1981 per
986 1901 1119 1964 libellum

56 2056 58 2059 .
104 1994 250 2072 seriptum
274 1991 340 2052 data
364 1999 410 2052 est
434 2000 464 2052 et
486 2009 541 2069 per
565 2009 633 2051 eum
657 1992 688 2050 in
711 1990 900 2050 bibliothecis
921 1990 1048 2069 publicis
1067 2011 1119 2071 po-

104 2083 160 2142 sita
183 2082 319 2141 venitin
342 2099 447 2141 manus
472 2088 602 2161 nostras,
631 2097 719 2158 quam
748 2087 815 2138 ante
844 2078 924 2139 nullo
954 2079 1041 2139 modo
1070 2099 1118 2140 ex-

104 2170 223 2230 trahere
247 2171 408 2250 potuimus,
432 2171 566 2249 quamvis
590 2169 688 2228 omnia
712 2167 880 2250 fecerimus,
906 2176 940 2228 ut
964 2170 1119 2249 sciremus

104 2277 180 2338 quae
209 2266 296 2320 esset.
342 2258 409 2337 lpse
433 2261 512 2319 enim
535 2256 655 2318 clausus
679 2256 874 2336 componebat
898 2275 963 2317 eam
986 2275 1041 2318 nec
1067 2257 1119 2319 uili

63 2361 91 2404 1c
106 2366 230 2409 suorum
254 2347 457 2408 committebat
481 2346 625 2426 pluraque
650 2365 738 2425 quam
760 2348 867 2426 recipit
886 2349 1036 2426 pigmenta
1061 2349 1119 2407 emi

104 2445 135 2498 et
158 2436 303 2498 contundi
325 2435 445 2497 iubebat
468 2435 588 2497 fallendi
611 2455 682 2497 suos
706 2454 795 2497 causa
822 2444 852 2497 et
878 2455 948 2497 sane
968 2438 999 2496 in
1019 2436 1118 2498 libello

103 2527 168 2605 ipse
197 2526 306 2586 fatetur
334 2544 394 2585 non
422 2544 437 2585 a
462 2544 494 2586 se
517 2528 681 2607 iuventam,
710 2525 763 2586 sed
787 2543 843 2586 usu
867 2529 1015 2586 exactiore
1040 2545 1118 2587 com-

103 2613 267 2695 probatam,
291 2614 326 2674 ad
351 2633 426 2694 quae
449 2616 521 2674 vitia
543 2623 573 2675 et
597 2634 665 2676 cum
689 2614 797 2694 quibus
822 2625 851 2676 et
870 2615 1119 2694 quemadmodum

104 2702 170 2763 data
199 2703 367 2782 proficeret.
408 2703 463 2763 Est
490 2705 569 2764 enim
593 2721 653 2763 non
676 2705 789 2782 ignota,
812 2704 996 2780 ponderibus
1019 2713 1119 2765 tamen

63 2793 235 2871 soantiquis
263 2800 314 2852 aut
342 2792 450 2852 adiecit
473 2799 524 2851 aut
547 2791 675 2851 detraxit
698 2791 809 2868 aliquid
840 2798 870 2851 et
893 2809 955 2872 reS,
984 2811 1059 2870 quae
1087 2795 1118 2852 in

104 2878 158 2940 hac
183 2883 398 2959 compositione
421 2887 500 2958 sunt,
524 2895 584 2937 non
608 2880 711 2955 utique
735 2880 917 2938 conveniunt
935 2879 971 2938 ad
991 2881 1117 2957 antiqui·

103 2975 204 3030 tatem.
239 2969 392 3030 interdum
417 2968 496 3026 enim
520 2983 623 3025 earum
648 2963 790 3042 quaedam
811 2973 840 3023 et
859 2982 919 3024 non
938 2973 998 3024 tam
1018 2965 1119 3044 multa,

104 3057 250 3137 quaedam
267 3060 367 3119 minus
386 3065 416 3117 et
434 3053 566 3136 pondere
586 3060 617 3113 et
635 3069 759 3112 numero
781 3053 949 3130 specierum
968 3054 1119 3131 accipiunt

196 3235 230 3283 14
247 3229 300 3283 ulli
318 3245 332 3284 c
350 3227 489 3283 Scribens
507 3224 573 3281 ullis
593 3223 753 3280 docharius.
825 3226 858 3276 15
872 3222 928 3278 emi
943 3222 983 3294 et]
998 3221 1120 3293 ipsemet

105 3299 230 3357 Sericos.
320 3304 355 3353 22
374 3297 518 3354 Interdum
537 3296 625 3368 enim]
649 3295 741 3351 Locus
765 3298 911 3362 corruptus
933 3310 988 3351 csse
1011 3295 1119 3350 videtur

104 3388 190 3441 neque
215 3389 234 3425 o
256 3370 416 3437 Scribonio,
438 3371 518 3424 cuias
539 3369 622 3424 cerba
648 3369 680 3437 (c.
701 3367 745 3435 97)
764 3366 905 3421 interdum
930 3367 1003 3422 enim
1023 3381 1119 3420 earum

104 3443 245 3511 quaedam
268 3443 362 3511 plures
388 3439 475 3496 etiam
498 3455 614 3494 numero
638 3438 781 3508 accipiunt
804 3439 888 3506 atque
913 3438 1118 3494 tuccetaque

103 3514 193 3584 mepte
211 3515 319 3584 iateque
336 3517 410 3580 aaut,
428 3512 565 3569 medicina
579 3513 639 3584 peti
654 3515 753 3585 potest.
