2438 3802
492 121 709 186 ..99-

90 303 189 366 panax
217 303 285 345 cum
314 301 381 344 rosa
410 293 440 344 et
467 283 651 363 amygdalino
678 285 746 344 vino
776 286 844 344 trita
872 296 953 346 recte
976 286 1111 348 laberan-

90 375 174 436 tibus
206 373 330 434 auribus
360 372 530 433 instillatur.
580 373 677 433 Alium
711 373 874 434 rotundum
906 377 1010 435 tritum
1041 395 1110 438 cnm
1130 389 1164 438 50

90 473 177 524 aeetc
205 471 359 541 repostum
387 464 418 520 in
446 461 551 541 pyxide
581 461 717 539 plumbea
747 469 777 522 et
805 480 873 522 cum
902 481 977 541 epus
1011 464 1110 545 luerit,

91 571 161 612 enm
186 559 270 611 acetc
295 559 324 610 et
347 568 414 610 resa
437 550 570 611 inlusum
594 551 717 611 auribus
740 551 870 629 prodest.
912 550 1111 634 opobalsami,
1130 565 1163 613 51

63 658 192 720 erosae,
220 641 303 700 croci
326 641 529 717 unguentarii,
555 641 629 719 opii,
654 639 838 718 singulorum
862 658 955 719 aequa
978 640 1110 719 pondera

92 733 164 788 trita
186 728 331 806 tepefacta
356 727 452 788 infusa
476 727 599 789 auribus
623 737 757 806 prosunt.
801 728 931 790 virentis
954 732 1109 809 papaveris
1129 741 1162 790 52

95 834 187 877 sucus
219 835 284 878 cum
313 835 381 876 resa
409 817 455 876 vel
482 816 665 896 amygdalino
693 820 761 877 vino
794 816 840 878 vel
872 823 954 897 porri
987 821 1109 879 seminis

95 923 187 966 sucus
211 923 276 966 cum
299 905 374 966 lacte
399 905 538 965 muliebri
561 905 607 965 vel
631 915 779 966 veratrum
798 906 896 967 album
916 911 1021 969 tritum
1040 927 1109 968 cum

93 993 278 1073 amygdalino
305 992 370 1054 elec
396 1001 447 1054 aut
470 1011 592 1054 resacee
620 993 665 1053 vel
695 1012 785 1055 sucus
813 1013 973 1073 granorum
1002 997 1110 1057 Punici

50 1101 77 1140 ιο
92 1082 163 1143 mali
195 1101 262 1142 cum
296 1101 363 1142 rosa
394 1090 445 1142 aul
473 1081 537 1142 elec
571 1082 755 1161 amygdalino
787 1084 906 1145 inlusus
939 1084 1109 1145 dolentibus

92 1171 216 1232 auribus
235 1171 366 1249 prodest.
412 1170 500 1231 Croci
516 1204 554 1214 —
572 1170 631 1250 vll,
655 1174 740 1231 nucis
759 1190 875 1232 amarae
891 1173 915 1231 ΙΙ
929 1172 989 1252 Vll,
1013 1173 1109 1233 mellis
1129 1185 1162 1233 53

93 1260 164 1320 boni
191 1260 313 1339 cyathos
336 1259 390 1338 ΠΙ,
424 1262 500 1320 aceti
532 1259 603 1320 bcni
636 1260 715 1338 qued
744 1263 816 1319 satis
844 1263 902 1320 erit
928 1263 1043 1340 mittes,
1077 1268 1111 1321 ut

93 1349 318 1426 spissitudinem
341 1348 447 1408 babeat
466 1348 714 1408 medicamentum
734 1347 830 1407 mellis
848 1348 954 1426 liquidi
972 1359 1001 1409 et
1021 1347 1110 1410 simul

91 1440 273 1516 permixtum
301 1445 391 1516 atque
419 1445 575 1498 excoctum
603 1435 773 1496 delentibus
797 1435 919 1497 auribus
942 1436 1109 1498 instillabis.

48 1542 77 1582 15
91 1525 220 1604 Merrae,
242 1528 332 1605 croci,
352 1528 420 1607 opii,
439 1525 526 1585 nardi
545 1528 652 1607 spicae,
671 1528 746 1586 turis
766 1527 895 1606 corticis,
916 1524 983 1585 mali
1002 1525 1109 1586 Punici
1127 1535 1162 1586 54

92 1616 181 1694 aridi,
212 1614 296 1674 labae
319 1616 514 1693 Aegyptiacae
537 1613 670 1694 pulpam,
701 1633 811 1675 nucum
837 1632 1003 1674 amararum
1033 1617 1109 1674 inte·

91 1706 180 1782 riona,
203 1703 300 1763 mellis
323 1703 403 1782 boni,
426 1703 611 1781 singulorum
636 1702 661 1763 li
685 1713 854 1782 quaternos,
878 1705 1006 1763 castorei
1027 1702 1054 1763 X
1072 1703 1108 1784 ΙΙ,

91 1791 230 1853 aluminis
253 1793 317 1851 fissi
340 1791 365 1851 ΙΙ
384 1791 419 1872 ll,
442 1793 555 1870 piperis
579 1791 659 1868 lengi
683 1791 754 1871 313
777 1793 858 1852 tritis
882 1790 1039 1869 diligenter
1062 1791 1109 1852 his

92 1879 232 1941 omnibus
255 1889 285 1940 et
309 1899 378 1942 cum
400 1888 484 1941 acete
503 1882 648 1940 acerrimo
668 1882 768 1939 mixtis
787 1891 875 1958 atque
895 1884 1024 1941 excoctis
1044 1882 1110 1941 fieri

48 1986 77 2025 so
91 1977 211 2048 oportet
230 1969 479 2030 medicamentum
498 1978 558 2028 tam
579 1975 783 2047 temperatum,
798 1976 832 2028 nt
847 1967 941 2027 simile
960 1971 999 2028 sit
1012 1987 1109 2047 passo.

91 2057 156 2118 Hoc
178 2058 359 2138 tepefactum
382 2057 553 2136 instillatur,
578 2058 666 2116 etiam
690 2055 867 2116 exulceratis
891 2055 1013 2116 auribus
1035 2057 1111 2116 mire

91 2146 223 2226 prodest.
256 2146 300 2207 ld
318 2149 497 2225 incipientes
515 2145 632 2205 deleres
647 2147 763 2205 aurium
778 2155 808 2206 et
823 2143 1007 2206 exulceratas
1021 2163 1111 2206 aures
1130 2155 1164 2205 55

91 2236 149 2296 hcc
172 2236 356 2296 medicamen
380 2237 484 2296 iacies:
508 2234 597 2294 Turis
621 2267 663 2277 —
687 2233 755 2314 ΙΙΙΙ,
783 2234 879 2295 mellis
905 2265 943 2280 -
969 2233 1022 2314 ΙΙΙ,
1050 2236 1110 2294 vini

92 2327 205 2385 austeri
228 2324 350 2403 cyathus
369 2324 405 2405 ΙΙ,
428 2327 505 2384 aceti
528 2325 667 2383 acerrimi
688 2324 827 2403 cyathum
846 2323 867 2404 1,
891 2323 976 2384 nardi
996 2323 1111 2403 Syriaci

48 2412 118 2473 seii
138 2412 173 2494 ΙΙ,
199 2431 314 2493 myrrae
336 2412 362 2474 ΙΙ
381 2413 393 2472 Ι
414 2412 443 2494 S,
466 2415 548 2473 croci
570 2410 583 2471 Ι
607 2411 636 2493 S,
660 2431 753 2473 nuces
777 2431 891 2474 amaras
915 2431 1040 2473 numero
1062 2412 1111 2492 ΙΙΙ,

92 2502 270 2562 alrenitrum
291 2503 437 2563 victoriati
451 2501 577 2580 pondus
596 2504 709 2580 piperis
724 2503 804 2581 lengi
818 2501 844 2562 ΙΙ
859 2501 881 2579 Ι,
900 2501 983 2562 labae
997 2501 1110 2581 Aegyp-

91 2593 186 2650 tiacae
214 2608 305 2669 grana
334 2600 457 2670 purgata
484 2589 546 2650 llll.
593 2589 672 2651 llaec
701 2594 798 2651 omnia
828 2593 958 2669 primum
986 2609 1040 2669 per
1069 2607 1109 2670 se,

92 2679 199 2739 deinde
232 2681 264 2738 in
298 2698 389 2740 unum
419 2683 510 2740 mixta
543 2687 684 2740 teruntur
717 2688 747 2739 et
778 2679 908 2759 tepidata
942 2678 1110 2739 dolentibus

91 2767 216 2828 auribus
239 2768 430 2828 instillantur.
468 2767 601 2827 Castorei
624 2765 726 2826 cbelcs
746 2766 781 2846 ΙΙ,
803 2767 834 2826 id
854 2775 900 2827 est
919 2767 991 2826 duas
1010 2775 1111 2844 partes
1130 2776 1163 2825 56

49 2872 76 2912 ee
91 2858 253 2937 victoriati,
285 2857 395 2917 radicis
422 2855 565 2932 lanariae,
597 2852 666 2911 salis
694 2856 882 2933 ammoniaci,
915 2856 1025 2912 veratri
1053 2853 1111 2913 albi

89 2945 171 3006 idem
192 2945 343 3026 ponderis,
368 2942 476 3024 quibus
495 2939 700 3018 superadicies
719 2943 800 3000 croci
819 2942 967 3000 victoriati
985 2941 1111 3022 pondus,

90 3033 150 3094 olei
177 3036 248 3094 irini
277 3044 306 3094 et
334 3033 429 3094 mellis
457 3047 559 3111 parem
588 3045 772 3109 mensuram,
800 3028 831 3088 id
855 3035 902 3088 est
925 3026 1110 3104 singulorum

89 3121 117 3182 x
146 3120 219 3183 XVI.
269 3122 312 3182 lla
345 3140 479 3182 seersum
513 3120 597 3200 prius
631 3115 746 3195 singula
779 3119 849 3177 trita
881 3117 1046 3176 miscentur
1078 3118 1110 3176 in

90 3229 199 3292 unum3
228 3211 341 3271 iaciunt
368 3211 443 3271 bene
472 3209 508 3270 ad
537 3207 668 3268 delerem
693 3214 723 3268 et
746 3205 846 3267 ulcera
870 3205 987 3266 aurium
1010 3204 1109 3284 tepide

48 3303 212 3361 eeinserta.
251 3300 369 3359 Delenti
392 3298 541 3360 auriculae
566 3305 684 3376 oportet
709 3297 833 3357 lerinam
852 3294 1032 3356 hordiaciam
1056 3312 1110 3372 per
1129 3304 1163 3354 5⁷

90 3407 123 3450 se
153 3397 268 3450 coctam
297 3406 333 3448 ex
360 3406 435 3467 aqua
464 3386 560 3448 mulsa
584 3385 800 3465 cataplasmatis
824 3403 907 3446 more
931 3402 947 3442 5
971 3383 1043 3443 ieris
1066 3386 1109 3443 in·

88 3496 203 3558 ponere
233 3476 280 3537 vel
308 3477 432 3539 farinam
459 3476 512 3538 lini
535 3477 659 3543 seminis
686 3485 718 3538 et
743 3475 941 3558 laeuugraedx
960 3473 1004 3533 'm
1025 3488 1136 3532 unum

936 3572 982 3634 1ιὶ
