2438 3802
503 100 744 208 -152-

78 307 279 382 „conlestim
306 305 343 367 ad
371 306 470 367 locum
498 306 637 366 adcurrat
664 312 694 366 et
722 307 857 366 titionem
885 313 997 385 verset,
1025 307 1066 366 ita
1096 314 1132 367 ut

117 413 187 474 pars
207 397 281 474 eius,
300 413 375 474 quae
394 394 525 472 ardebat,
543 395 710 455 lorinsecus
729 396 867 474 emineat,
887 393 936 454 illa
954 413 1034 475 vero,
1054 413 1130 473 quiae

28 535 32 543 ,
117 485 181 563 igni
204 484 332 565 carebat,
354 483 488 543 flammae
513 485 678 564 inseratur3
701 491 878 544 convertens
901 501 971 543 vero
993 485 1130 546 titionem

117 580 164 633 ter
187 573 269 634 dices
291 571 417 632 remedii
439 573 533 649 gratia
556 579 586 632 te
609 572 721 646 lacere,
745 571 874 632 utillud
898 571 977 650 quod
999 571 1131 632 haeserit

116 663 148 722 in
172 661 308 722 saucibus
332 662 391 720 tuis
414 659 461 720 vel
483 659 579 740 illius,
607 678 696 738 quem
723 661 841 739 peperit
868 659 931 740 illa,
956 661 1021 720 sine
1044 674 1157 721 moras

117 758 148 810 et
170 749 305 810 molestia
328 751 482 808 eximatur.
528 747 591 808 Hoc
616 750 695 809 inter
718 750 884 809 certissima
907 747 1037 809 remedia
1060 748 1129 810 sub-

63 846 255 899 104notatum
279 845 332 897 est.
379 835 478 897 llerba
505 836 670 916 appellatur
696 839 933 916 vincaperviuca,
963 856 999 897 ex
1022 856 1081 916 qua
1104 839 1130 898 si

116 926 217 986 lauces
236 925 411 1004 obligaveris
431 925 590 986 dormitum
609 927 708 986 euntis
727 927 801 1006 eius,
823 927 872 986 cui
890 925 1001 1004 aliquid
1019 925 1066 986 his
1084 928 1128 986 in·

62 1014 263 1095 ruthaeserit,
291 1032 376 1074 mane
404 1031 494 1075 sanus
517 1023 686 1093 consurget.
733 1013 851 1094 Omnia,
878 1033 953 1092 qtrae
977 1014 1130 1076 haeserint

116 1102 268 1183 faucibus,
295 1102 352 1163 hoc
380 1120 499 1164 carmen
529 1102 669 1182 expellet:
705 1101 811 1163 Hellen
838 1106 1011 1182 prosaggeri
1043 1118 1172 1164 vome1⁰

117 1193 144 1252 si
167 1191 244 1270 polla
272 1191 403 1252 nabuliet
431 1191 570 1252 onodieni
597 1191 667 1251 iden
695 1191 795 1252 cliton.
841 1191 904 1251 lloo
927 1200 974 1252 ter
993 1192 1075 1252 dices
1098 1200 1129 1252 et

62 1279 158 1342 luced
182 1279 297 1358 singula
317 1298 437 1358 expues.
473 1279 546 1340 Item
566 1280 677 1360 lauces,
701 1279 809 1358 quibus
828 1280 938 1358 aliquid
957 1280 1129 1361 inhaeserit,

116 1369 284 1429 confricans
313 1369 409 1430 dices:
454 1367 493 1428 xi
525 1371 703 1429 exucricone
726 1387 766 1428 ru
796 1368 1002 1447 criglioualsus
1030 1371 1128 1430 scrisu

115 1457 258 1518 miovelor
280 1459 385 1536 exugri
408 1475 524 1517 conexu
546 1456 651 1535 grilau.

61 1557 113 1606 10⁷
205 1545 237 1606 Si
265 1545 301 1605 de
330 1548 412 1625 pisce
441 1563 475 1605 os
507 1545 644 1605 lancibus
675 1544 819 1625 haeserit,
850 1548 964 1623 spinam
999 1545 1128 1606 mediam
1142 1558 1170 1600 15

114 1633 249 1695 eiusdem
272 1635 364 1712 piscis
387 1634 533 1711 infringes
557 1641 588 1693 et
611 1633 739 1711 aliquam
763 1641 877 1713 partem
906 1653 941 1694 ex
965 1652 999 1694 ea
1021 1633 1129 1712 pollice

116 1731 147 1784 et
169 1722 338 1783 medicinali
361 1721 453 1800 digito
477 1739 567 1801 super
590 1724 733 1782 verticem
757 1725 830 1802 eius,
854 1724 902 1782 cui
927 1740 960 1782 os
979 1722 1025 1782 vel
1044 1724 1129 1802 spina

114 1810 263 1889 haerebit,
286 1810 430 1891 adpones,
459 1810 512 1870 sed
535 1809 639 1870 utilius
663 1812 735 1891 erit,
759 1812 784 1870 si
807 1813 952 1872 nescienti
974 1811 1005 1871 id
1029 1811 1129 1872 iacias.

62 1899 161 1963 108Αά
185 1917 218 1958 os
242 1901 304 1960 sive
328 1900 398 1978 quid
422 1897 502 1960 aliud
522 1899 652 1960 haeserit
674 1898 811 1959 faucibus
834 1899 866 1959 hi
889 1917 993 1960 versus
1017 1900 1063 1960 uel
1085 1900 1128 1960 di-

115 1987 204 2048 cendi
231 1991 262 2048 in
291 2006 393 2048 aurem
422 1989 501 2067 eius,
534 1990 586 2067 qui
618 1987 806 2068 offocabitur,
834 1987 880 2048 vel
912 1988 1063 2049 scribendi
1096 1991 1126 2050 in
1142 2000 1170 2040 ²⁰

114 2076 229 2152 charta,
259 2095 334 2155 quae
363 2076 400 2137 ad
429 2076 538 2138 collum
562 2079 627 2137 eins
650 2077 710 2137 lino
734 2077 883 2157 alligetur,
912 2097 971 2156 quo
994 2077 1128 2138 remedio

112 2165 187 2226 nihil
209 2167 422 2246 praestantius:

246 2295 305 2376 Μή
324 2320 375 2377 μοι
392 2298 536 2378 Γοργείην
554 2291 688 2376 κεφαλὴν
707 2298 818 2358 δεινοῖο
836 2293 971 2378 πελώρου

246 2385 277 2458 ἐξ
292 2381 395 2457 ’Ἄϊδος
412 2383 557 2463 πέμψειεν
575 2380 682 2465 duatus}
701 2381 913 2463 Περσεφόνεια.

56 2530 111 2581 109
201 2516 246 2577 dd
266 2518 446 2577 reumaticos
460 2517 564 2578 efficax
583 2517 749 2579 remedium
768 2519 826 2578 sic:
848 2517 972 2579 Mustela
988 2519 1035 2579 die
1050 2518 1127 2580 lovis
1142 2531 1168 2572 2⁶

111 2604 182 2667 luna
213 2613 315 2666 vetere
348 2613 433 2684 capta
462 2608 526 2666 viva
553 2608 585 2667 in
613 2605 669 2666 olla
703 2606 772 2667 rudi
800 2608 840 2665 ita
868 2611 1062 2689 excoquitur,
1094 2618 1128 2669 ut

64 2744 68 2752 .
111 2697 170 2755 teri
193 2695 289 2773 possit
312 2697 393 2755 etin
417 2693 570 2775 pulverem
594 2695 704 2776 redigi,
727 2697 779 2774 qui
802 2694 899 2774 pulvis
923 2696 1067 2757 collectus
1090 2715 1127 2757 ex

110 2783 199 2844 melle
227 2792 258 2845 et
285 2783 362 2845 bene
390 2791 632 2865 contemperatus
659 2786 760 2845 ieiuno
788 2785 952 2846 reumatico
981 2785 1017 2845 ad
1048 2785 1126 2846 diem

111 2890 166 2951 per
199 2872 334 2934 cocleare
366 2872 498 2954 dabitur,
527 2874 580 2935 sed
607 2876 698 2935 unius
724 2873 832 2953 ligulae
866 2891 1018 2955 mensura3
1051 2876 1126 2934 mire

111 2962 253 3040 proderit.
1139 2973 1167 3013 ⁸⁰

56 3062 109 3112 110
199 3050 244 3110 Ad
273 3051 443 3131 synanchen
471 3052 637 3113 remedium
665 3052 770 3112 efficax
793 3051 849 3109 sic:
881 3048 980 3129 Rapae
1004 3052 1126 3111 seminis

110 3138 274 3220 heminam,
303 3140 432 3200 caulium
460 3143 583 3201 seminis
608 3139 770 3216 heminam,
800 3140 978 3216 opopanacis
1006 3157 1125 3199 semun-

110 3229 195 3308 ciam,
214 3229 319 3289 laseris
339 3220 456 3313 21111,
475 3228 525 3288 alii
542 3227 701 3309 modicum,
720 3225 790 3286 salis
808 3228 942 3286 montani
960 3227 1126 3308 modicum3

183 3361 317 3416 lvertet.
407 3361 535 3416 Seuntis
553 3361 666 3428 scripsi:
689 3359 774 3414 eunti.
864 3359 922 3431 his]
942 3378 976 3415 ex
993 3360 1038 3429 his
1059 3361 1123 3416 Ocr-

108 3432 216 3486 uars'us.
291 3437 324 3486 16
342 3429 467 3499 infriges.
532 3437 567 3486 24
586 3431 684 3498 Odyss.
704 3429 751 3497 XI,
771 3435 825 3484 634
838 3447 875 3500 eq.
943 3436 977 3486 25
995 3448 1124 3487 reomau-

103 3500 186 3554 tioos:
261 3506 296 3557 28
315 3501 386 3556 bene
405 3507 434 3556 et
452 3504 556 3572 (repet.)
626 3506 659 3556 81
679 3502 857 3572 synanchem.
