2438 3802
474 163 717 228 -197-

91 326 225 388 dolorem
253 335 283 386 et
311 327 347 386 ad
376 324 516 386 convulsa
542 325 589 384 vel
614 333 702 404 rupta
725 327 866 386 interiora
890 335 920 387 et
943 329 978 388 ad
1003 331 1106 390 urinae

90 415 297 477 difficultatem
320 415 387 475 data
410 414 571 493 plurimum
595 416 684 474 iuvat.

181 503 363 582 Cataplasma
387 503 443 563 hoc
467 502 618 562 stomacho
642 505 786 581 inponere
808 521 868 563 non
888 503 1016 564 alienum
1036 508 1106 568 erit:
1125 521 1160 569 30

90 592 159 654 Mali
188 592 311 671 cydonei
339 611 375 652 ex
403 592 498 651 larina
526 593 616 670 cocti,
644 591 674 651 id
703 591 831 652 estillic
854 593 992 673 involuti,
1015 592 1106 670 XVI,

63 701 76 740 a
91 691 277 742 careotarum
297 681 403 759 pulpae
424 680 563 740 subactae
583 678 671 759 XIII,
695 699 781 741 cerae
795 713 839 723 —
853 680 912 762 VII,
935 684 1016 742 croci
1031 681 1106 764 XII,

91 769 222 830 absinthi
245 767 324 848 XII,
348 769 405 828 olei
428 768 529 828 malini
553 776 604 827 aut
622 771 730 848 myrtei
748 768 773 827 X
793 769 837 829 Vl.
871 769 945 831 Vino
965 789 1105 850 conspar-

92 861 172 936 gitur
200 876 335 937 orocum,
368 857 449 917 arida
482 856 665 936 tunduntur,
698 876 765 917 cera
796 858 928 935 liquatur
960 869 990 920 et
1017 859 1106 920 simul

92 949 188 1007 omnia
213 948 445 1006 commiscentur
469 953 558 1024 atque
582 947 622 1004 ita
646 945 837 1024 adponuntur
865 967 950 1008 mane
974 951 1005 1008 in
1029 950 1106 1010 lecto

91 1034 244 1095 stomacho
267 1034 421 1094 laboranti,
452 1033 515 1093 lloc
540 1051 658 1112 quoque
683 1034 859 1114 cataplasma
878 1037 1031 1097 stomacho
1051 1041 1106 1098 uti·
1126 1051 1160 1099 31

49 1124 239 1184 1olissimum
272 1131 332 1183 est:
379 1122 546 1183 Palmarum
574 1125 733 1182 interiores
761 1133 861 1202 partes
890 1125 992 1203 Xlll,
1026 1128 1108 1186 croci

91 1211 184 1291 XIII,
207 1211 411 1290 hypocistIdos
433 1209 491 1270 XI
511 1210 540 1290 S,
564 1210 633 1270 mali
657 1211 781 1290 cydonei
805 1215 891 1292 cocti,
915 1222 949 1273 ut
968 1215 1107 1291 superius

92 1301 162 1382 dixi,
187 1299 276 1378 XVI,
300 1300 437 1360 absenthi
461 1301 525 1360 suci
549 1297 641 1378 XIII,
665 1298 747 1359 lloris
771 1299 977 1377 maligranati
1001 1300 1058 1360 XI
1078 1301 1107 1381 5,

93 1389 182 1449 laecis
210 1391 272 1449 vini
302 1389 368 1449 Chii
391 1387 485 1468 XVI,
514 1405 599 1447 cerae
623 1387 736 1468 XXII,
765 1388 824 1447 olei
851 1391 974 1468 myrtini
1001 1389 1026 1448 X
1046 1388 1109 1470 XII,

92 1477 259 1538 chameleae
288 1480 367 1556 elus,
395 1495 471 1555 quae
499 1476 605 1536 similia
633 1476 701 1536 lolia
724 1475 813 1537 hahet
837 1477 944 1558 olivae,
973 1496 1008 1538 ex
1032 1497 1109 1556 aqua

52 1585 79 1625 ιδ
94 1575 195 1627 coctae
223 1565 317 1645 XVI;
344 1567 469 1625 mirifice
498 1567 576 1624 enim
605 1565 728 1644 prodest
756 1567 921 1647 stomacho,
949 1569 1109 1645 praecipue

93 1674 183 1716 sucus
211 1655 346 1714 eiusdem
375 1653 512 1714 similiter
540 1656 698 1732 impositus
726 1655 762 1714 ad
789 1655 928 1715 convulsa
952 1655 998 1715 rel
1021 1663 1109 1733 rupta

93 1745 393 1804 convenientissimus
417 1751 471 1802 est.

183 1831 271 1892 lliera
295 1832 330 1892 ad
355 1831 540 1892 stomachum
564 1831 812 1910 confirmandum,
836 1841 936 1891 movet
957 1831 1109 1892 interdum
1128 1845 1161 1893 32

94 1927 241 1998 ventrem,
271 1921 423 1982 interdum
456 1924 587 1999 urinam,
621 1921 778 1979 conficitur
811 1921 867 1980 sic:
913 1919 1000 1980 hloes
1028 1919 1109 2000 XV,

55 2007 298 2091 soxylohalsami,
322 2011 418 2089 acori,
446 2011 540 2089 croci,
568 2007 653 2067 nardi
677 2007 827 2087 Syriacae,
855 2011 987 2068 masticis
1011 2009 1109 2088 Chiae,

96 2097 280 2175 singulorum
300 2098 438 2158 denarios
458 2115 555 2176 senos,
574 2095 750 2156 malobathri
770 2095 795 2155 X
813 2096 838 2176 I,
862 2104 1003 2157 teruntur
1021 2115 1109 2175 quam

95 2185 321 2264 diligentissime
351 2204 488 2246 seorsum
515 2187 613 2245 omnia
641 2203 675 2245 ac
703 2184 809 2245 deinde
837 2187 928 2245 mixta
958 2187 988 2245 in
1016 2203 1110 2245 unum

94 2283 290 2352 reponuntur.
325 2275 398 2335 Cum
423 2292 498 2353 opus
522 2283 575 2354 est,
600 2273 708 2334 dantur
731 2273 800 2333 inde
824 2273 969 2334 coclearia
989 2272 1109 2353 quihus·

95 2362 160 2422 dam
185 2363 253 2445 duo,
277 2363 455 2442 quibusdam
479 2365 536 2423 tria
560 2382 596 2423 ex
620 2381 712 2441 aquae
737 2364 850 2442 cyathis
874 2381 924 2423 sex
944 2363 990 2424 vel
1011 2364 1110 2423 mixtis

55 2467 82 2508 os
97 2470 164 2511 cum
188 2454 249 2511 vini
273 2451 386 2531 cyathis
410 2451 507 2512 trihus
530 2452 576 2512 vel
595 2470 631 2512 ex
650 2451 784 2530 quolibet
802 2452 858 2512 alio
876 2451 1001 2532 liquore,
1020 2461 1110 2531 prout

95 2542 252 2600 conveniet
276 2540 436 2621 stomacho,
461 2541 594 2601 eiusdem
618 2559 775 2602 mensurae
800 2541 927 2602 dabitur.

183 2629 300 2688 Pertioe
325 2628 488 2690 Cosmiana.
537 2629 600 2689 Iloc
628 2631 876 2690 medicamentum
905 2630 941 2690 ad
966 2628 1110 2690 stomachi
1129 2641 1163 2689 33

94 2719 165 2777 vitia
189 2725 219 2777 ot
242 2717 278 2777 ad
303 2719 469 2778 coctionem
492 2718 575 2777 valde
599 2717 673 2777 utile
692 2727 747 2795 est,
771 2720 878 2796 accipit
897 2718 984 2779 haec:
1007 2718 1108 2777 Petro-

94 2805 173 2864 silini
202 2805 227 2864 X
252 2804 315 2885 VII,
348 2805 410 2884 phu
440 2804 555 2884 XIIII,
584 2807 696 2882 piperis
724 2805 783 2865 albi
811 2804 979 2884 XXVIIII,
1011 2805 1109 2864 Inulae

52 2910 80 2951 oo
96 2893 120 2953 X
139 2892 171 2975 V,
195 2913 306 2954 nucum
329 2893 513 2971 iuglandium
537 2894 732 2952 animatarnm
756 2891 781 2950 X
800 2891 851 2971 VI,
876 2911 988 2952 nucum
1011 2894 1110 2968 pinea·

93 3001 161 3042 rum
184 2985 380 3043 animatarnm
404 2979 429 3040 X
449 2979 518 3059 XII,
542 2982 600 3039 ami
623 2977 741 3058 XVIII,
765 2979 895 3056 ligustici
919 2977 1026 3058 XXII,
1049 2980 1111 3037 zin-

83 3071 205 3149 giberis
232 3071 258 3130 X
283 3071 360 3151 Vlll,
388 3071 468 3131 oarei
496 3067 522 3128 X
546 3066 613 3148 XII,
647 3069 706 3147 apii
734 3068 856 3127 seminis
885 3065 1000 3146 XXII,
1029 3067 1112 3126 anesi

94 3159 207 3241 XVIII,
227 3160 406 3221 cardamomi
421 3158 447 3219 X
463 3156 536 3238 VlIl,
556 3159 638 3218 acori
652 3156 677 3217 X
692 3154 738 3237 VI,
758 3155 844 3216 dauci
861 3156 984 3216 seminis
1000 3153 1024 3214 X
1038 3152 1111 3234 VIII,

93 3248 208 3311 olisatri
231 3251 354 3310 seminis
379 3248 404 3307 X
424 3246 487 3328 Xll,
511 3246 633 3307 lantculi
656 3247 778 3307 seminis
802 3243 891 3305 XVI.
929 3243 1012 3304 Facit
1035 3242 1111 3302 hene

185 3382 325 3438 lorinae.
387 3387 418 3436 13
438 3380 523 3437 foces.
584 3381 799 3438 mahometica.
860 3387 894 3436 20
913 3377 1111 3452 xyrobalsami.

93 3460 126 3509 at
147 3455 334 3509 denariorum.
389 3458 423 3506 25
443 3452 508 3507 vino
528 3452 637 3508 cinthio.
690 3459 725 3507 23
738 3453 810 3524 phu]
824 3453 895 3524 pthi.
952 3458 989 3507 34
1002 3449 1120 3505 elisatii

92 3527 207 3595 scripsi:
226 3523 373 3593 olisandri;
394 3541 433 3579 on
451 3524 626 3582 scribendum
645 3524 804 3583 coliandr'rt
880 3522 1017 3581 iesimon.
