<?xml version="1.0" encoding="UTF-8"?>
<!DOCTYPE html PUBLIC "-//W3C//DTD XHTML 1.0 Transitional//EN"
    "http://www.w3.org/TR/xhtml1/DTD/xhtml1-transitional.dtd">
<html xmlns="http://www.w3.org/1999/xhtml" xml:lang="en" lang="en">
 <head>
  <title>
</title>
<meta http-equiv="Content-Type" content="text/html;charset=utf-8" />
  <meta name='ocr-system' content='tesseract 3.04.00' />
  <meta name='ocr-capabilities' content='ocr_page ocr_carea ocr_par ocr_line ocrx_word'/>
</head>
<body>
  <div class='ocr_page' id='page_1' title='image "./marcellidemedic01helmgoog_0306.png"; bbox 0 0 2438 3802; ppageno 0'>
   <div class='ocr_carea' id='block_1_1' title="bbox 495 159 731 225">
    <p class='ocr_par' dir='ltr' id='par_1_1' title="bbox 495 159 731 225">
     <span class='ocr_line' id='line_1_1' title="bbox 495 159 731 225; baseline 0 0"><span class='ocrx_word' id='word_1_1' title='bbox 495 159 731 225; x_wconf 80' lang='lat'>-295-</span> 
     </span>
    </p>
   </div>
   <div class='ocr_carea' id='block_1_2' title="bbox 59 322 1210 3235">
    <p class='ocr_par' dir='ltr' id='par_1_2' title="bbox 59 322 1210 3235">
     <span class='ocr_line' id='line_1_2' title="bbox 106 322 1118 402; baseline -0.001 -17"><span class='ocrx_word' id='word_1_2' title='bbox 106 331 190 385; x_wconf 87' lang='lat' dir='ltr'>aceto</span> <span class='ocrx_word' id='word_1_3' title='bbox 218 331 248 383; x_wconf 89' lang='lat' dir='ltr'>et</span> <span class='ocrx_word' id='word_1_4' title='bbox 274 322 360 384; x_wconf 94' lang='lat' dir='ltr'>melle</span> <span class='ocrx_word' id='word_1_5' title='bbox 384 324 452 384; x_wconf 87' lang='lat' dir='ltr'>data</span> <span class='ocrx_word' id='word_1_6' title='bbox 475 323 520 383; x_wconf 87' lang='lat' dir='ltr'>vel</span> <span class='ocrx_word' id='word_1_7' title='bbox 542 322 675 402; x_wconf 90' lang='lat' dir='ltr'>puleium</span> <span class='ocrx_word' id='word_1_8' title='bbox 699 322 836 383; x_wconf 91' lang='lat' dir='ltr'>similiter</span> <span class='ocrx_word' id='word_1_9' title='bbox 858 331 962 401; x_wconf 89' lang='lat' dir='ltr'>potum</span> <span class='ocrx_word' id='word_1_10' title='bbox 985 325 1032 385; x_wconf 87' lang='lat' dir='ltr'>vel</span> <span class='ocrx_word' id='word_1_11' title='bbox 1058 324 1118 386; x_wconf 91' lang='lat' dir='ltr'>sili-</span> 
     </span>
     <span class='ocr_line' id='line_1_3' title="bbox 107 411 1117 492; baseline 0.003 -20"><span class='ocrx_word' id='word_1_12' title='bbox 107 430 182 492; x_wconf 89' lang='lat' dir='ltr'>quae</span> <span class='ocrx_word' id='word_1_13' title='bbox 198 411 333 491; x_wconf 78' lang='lat' dir='ltr'><strong>Syriacae</strong></span> <span class='ocrx_word' id='word_1_14' title='bbox 352 412 422 472; x_wconf 90' lang='lat' dir='ltr'>lolia</span> <span class='ocrx_word' id='word_1_15' title='bbox 440 411 486 471; x_wconf 89' lang='lat' dir='ltr'>vel</span> <span class='ocrx_word' id='word_1_16' title='bbox 504 414 582 472; x_wconf 90' lang='lat' dir='ltr'>roris</span> <span class='ocrx_word' id='word_1_17' title='bbox 601 414 709 473; x_wconf 93' lang='lat' dir='ltr'>marini</span> <span class='ocrx_word' id='word_1_18' title='bbox 726 429 802 491; x_wconf 88' lang='lat' dir='ltr'>aqua</span> <span class='ocrx_word' id='word_1_19' title='bbox 821 411 945 472; x_wconf 86' lang='lat' dir='ltr'>decocta</span> <span class='ocrx_word' id='word_1_20' title='bbox 959 412 1006 472; x_wconf 85' lang='lat' dir='ltr'>vel</span> <span class='ocrx_word' id='word_1_21' title='bbox 1019 421 1117 492; x_wconf 87' lang='lat' dir='ltr'>petro·</span> 
     </span>
     <span class='ocr_line' id='line_1_4' title="bbox 107 500 1117 580; baseline 0.002 -19"><span class='ocrx_word' id='word_1_22' title='bbox 107 501 228 562; x_wconf 90' lang='lat' dir='ltr'>silinum</span> <span class='ocrx_word' id='word_1_23' title='bbox 255 519 291 561; x_wconf 84' lang='lat' dir='ltr'>ex</span> <span class='ocrx_word' id='word_1_24' title='bbox 318 503 387 560; x_wconf 88' lang='lat' dir='ltr'>vino</span> <span class='ocrx_word' id='word_1_25' title='bbox 415 502 520 561; x_wconf 91' lang='lat' dir='ltr'>tritum</span> <span class='ocrx_word' id='word_1_26' title='bbox 548 501 649 561; x_wconf 89' lang='lat' dir='ltr'>datum</span> <span class='ocrx_word' id='word_1_27' title='bbox 677 500 723 561; x_wconf 87' lang='lat' dir='ltr'>vel</span> <span class='ocrx_word' id='word_1_28' title='bbox 751 501 867 579; x_wconf 84' lang='lat' dir='ltr'>origani</span> <span class='ocrx_word' id='word_1_29' title='bbox 895 500 1011 561; x_wconf 87' lang='lat' dir='ltr'>decocti</span> <span class='ocrx_word' id='word_1_30' title='bbox 1041 520 1117 580; x_wconf 92' lang='lat' dir='ltr'>aqua</span> 
     </span>
     <span class='ocr_line' id='line_1_5' title="bbox 104 589 1117 670; baseline 0.002 -21"><span class='ocrx_word' id='word_1_31' title='bbox 104 589 151 650; x_wconf 87' lang='lat' dir='ltr'>vel</span> <span class='ocrx_word' id='word_1_32' title='bbox 178 607 300 650; x_wconf 85' lang='lat' dir='ltr'><strong>anesum</strong></span> <span class='ocrx_word' id='word_1_33' title='bbox 327 591 445 670; x_wconf 85' lang='lat' dir='ltr'>tritum,</span> <span class='ocrx_word' id='word_1_34' title='bbox 477 598 620 668; x_wconf 90' lang='lat' dir='ltr'>quantum</span> <span class='ocrx_word' id='word_1_35' title='bbox 650 589 747 650; x_wconf 91' lang='lat' dir='ltr'>tribus</span> <span class='ocrx_word' id='word_1_36' title='bbox 780 589 881 669; x_wconf 79' lang='lat' dir='ltr'>digitis</span> <span class='ocrx_word' id='word_1_37' title='bbox 914 591 1117 669; x_wconf 81' lang='lat' dir='ltr'>conprehendi</span> 
     </span>
     <span class='ocr_line' id='line_1_6' title="bbox 77 678 1116 758; baseline 0.004 -22"><span class='ocrx_word' id='word_1_38' title='bbox 77 685 216 758; x_wconf 80' lang='lat' dir='ltr'>spotest3</span> <span class='ocrx_word' id='word_1_39' title='bbox 243 678 366 756; x_wconf 88' lang='lat' dir='ltr'>prodest</span> <span class='ocrx_word' id='word_1_40' title='bbox 393 681 482 738; x_wconf 91' lang='lat' dir='ltr'>etiarn</span> <span class='ocrx_word' id='word_1_41' title='bbox 509 679 622 739; x_wconf 92' lang='lat' dir='ltr'>nitrum</span> <span class='ocrx_word' id='word_1_42' title='bbox 650 697 718 739; x_wconf 91' lang='lat' dir='ltr'>cnm</span> <span class='ocrx_word' id='word_1_43' title='bbox 741 680 808 739; x_wconf 88' lang='lat' dir='ltr'>vino</span> <span class='ocrx_word' id='word_1_44' title='bbox 832 686 884 740; x_wconf 91' lang='lat' dir='ltr'>aut</span> <span class='ocrx_word' id='word_1_45' title='bbox 907 686 990 740; x_wconf 86' lang='lat' dir='ltr'>aceto</span> <span class='ocrx_word' id='word_1_46' title='bbox 1014 679 1116 740; x_wconf 91' lang='lat' dir='ltr'>datum</span> 
     </span>
     <span class='ocr_line' id='line_1_7' title="bbox 107 766 1116 846; baseline 0.001 -18"><span class='ocrx_word' id='word_1_47' title='bbox 107 801 145 810; x_wconf 88' lang='lat'><em>-</em></span> <span class='ocrx_word' id='word_1_48' title='bbox 171 766 249 828; x_wconf 89' lang='lat' dir='ltr'>tollit</span> <span class='ocrx_word' id='word_1_49' title='bbox 276 769 355 827; x_wconf 92' lang='lat' dir='ltr'>enim</span> <span class='ocrx_word' id='word_1_50' title='bbox 382 769 519 846; x_wconf 88' lang='lat' dir='ltr'>protinus</span> <span class='ocrx_word' id='word_1_51' title='bbox 547 766 728 827; x_wconf 86' lang='lat' dir='ltr'>inflationem</span> <span class='ocrx_word' id='word_1_52' title='bbox 752 774 782 826; x_wconf 92' lang='lat' dir='ltr'>et</span> <span class='ocrx_word' id='word_1_53' title='bbox 806 766 938 827; x_wconf 90' lang='lat' dir='ltr'>dolorem</span> <span class='ocrx_word' id='word_1_54' title='bbox 961 770 1116 829; x_wconf 89' lang='lat' dir='ltr'>intestino·</span> 
     </span>
     <span class='ocr_line' id='line_1_8' title="bbox 104 854 1115 918; baseline 0.003 -3"><span class='ocrx_word' id='word_1_55' title='bbox 104 874 172 916; x_wconf 91' lang='lat' dir='ltr'>rum</span> <span class='ocrx_word' id='word_1_56' title='bbox 198 888 234 898; x_wconf 91' lang='lat'><em>-</em></span> <span class='ocrx_word' id='word_1_57' title='bbox 260 854 307 914; x_wconf 87' lang='lat' dir='ltr'>vel</span> <span class='ocrx_word' id='word_1_58' title='bbox 334 854 410 916; x_wconf 91' lang='lat' dir='ltr'>lauri</span> <span class='ocrx_word' id='word_1_59' title='bbox 438 855 506 915; x_wconf 86' lang='lat' dir='ltr'>folia</span> <span class='ocrx_word' id='word_1_60' title='bbox 534 857 603 914; x_wconf 92' lang='lat' dir='ltr'>trita</span> <span class='ocrx_word' id='word_1_61' title='bbox 632 855 678 915; x_wconf 89' lang='lat' dir='ltr'>vel</span> <span class='ocrx_word' id='word_1_62' title='bbox 705 855 840 915; x_wconf 87' lang='lat' dir='ltr'>eiusdem</span> <span class='ocrx_word' id='word_1_63' title='bbox 867 854 957 916; x_wconf 91' lang='lat' dir='ltr'>bacae</span> <span class='ocrx_word' id='word_1_64' title='bbox 986 866 1037 918; x_wconf 89' lang='lat' dir='ltr'>aut</span> <span class='ocrx_word' id='word_1_65' title='bbox 1059 857 1115 918; x_wconf 87' lang='lat' dir='ltr'>llos</span> 
     </span>
     <span class='ocr_line' id='line_1_9' title="bbox 104 943 1115 1025; baseline 0.001 -19"><span class='ocrx_word' id='word_1_66' title='bbox 104 963 139 1007; x_wconf 83' lang='lat' dir='ltr'>ex</span> <span class='ocrx_word' id='word_1_67' title='bbox 164 946 230 1004; x_wconf 92' lang='lat' dir='ltr'>vino</span> <span class='ocrx_word' id='word_1_68' title='bbox 254 951 343 1021; x_wconf 88' lang='lat' dir='ltr'>potus</span> <span class='ocrx_word' id='word_1_69' title='bbox 367 951 418 1004; x_wconf 92' lang='lat' dir='ltr'>aut</span> <span class='ocrx_word' id='word_1_70' title='bbox 440 944 561 1023; x_wconf 79' lang='lat' dir='ltr'>panacis</span> <span class='ocrx_word' id='word_1_71' title='bbox 584 943 667 1004; x_wconf 81' lang='lat' dir='ltr'>radix</span> <span class='ocrx_word' id='word_1_72' title='bbox 691 961 726 1003; x_wconf 83' lang='lat' dir='ltr'>ex</span> <span class='ocrx_word' id='word_1_73' title='bbox 749 945 818 1003; x_wconf 89' lang='lat' dir='ltr'>vino</span> <span class='ocrx_word' id='word_1_74' title='bbox 841 951 923 1025; x_wconf 89' lang='lat' dir='ltr'>pota;</span> <span class='ocrx_word' id='word_1_75' title='bbox 951 945 1003 1006; x_wconf 88' lang='lat' dir='ltr'>sed</span> <span class='ocrx_word' id='word_1_76' title='bbox 1027 964 1115 1025; x_wconf 92' lang='lat' dir='ltr'>pana·</span> 
     </span>
     <span class='ocr_line' id='line_1_10' title="bbox 103 1031 1116 1112; baseline 0.003 -19"><span class='ocrx_word' id='word_1_77' title='bbox 103 1051 153 1093; x_wconf 92' lang='lat' dir='ltr'>ces</span> <span class='ocrx_word' id='word_1_78' title='bbox 177 1051 237 1092; x_wconf 93' lang='lat' dir='ltr'>non</span> <span class='ocrx_word' id='word_1_79' title='bbox 261 1031 357 1092; x_wconf 91' lang='lat' dir='ltr'>solum</span> <span class='ocrx_word' id='word_1_80' title='bbox 380 1034 591 1093; x_wconf 87' lang='lat' dir='ltr'>intestinorum</span> <span class='ocrx_word' id='word_1_81' title='bbox 615 1031 741 1112; x_wconf 84' lang='lat' dir='ltr'>dolores,</span> <span class='ocrx_word' id='word_1_82' title='bbox 765 1050 868 1093; x_wconf 84' lang='lat' dir='ltr'>verum</span> <span class='ocrx_word' id='word_1_83' title='bbox 888 1035 976 1093; x_wconf 89' lang='lat' dir='ltr'>etiam</span> <span class='ocrx_word' id='word_1_84' title='bbox 996 1033 1116 1096; x_wconf 88' lang='lat' dir='ltr'>cholera</span> 
     </span>
     <span class='ocr_line' id='line_1_11' title="bbox 63 1119 1114 1199; baseline 0.007 -22"><span class='ocrx_word' id='word_1_85' title='bbox 63 1129 195 1182; x_wconf 78' lang='lat' dir='ltr'>resanat.</span> <span class='ocrx_word' id='word_1_86' title='bbox 231 1119 358 1180; x_wconf 83' lang='lat' dir='ltr'><strong>Prodest</strong></span> <span class='ocrx_word' id='word_1_87' title='bbox 381 1139 417 1180; x_wconf 87' lang='lat' dir='ltr'>ex</span> <span class='ocrx_word' id='word_1_88' title='bbox 441 1123 508 1180; x_wconf 90' lang='lat' dir='ltr'>vino</span> <span class='ocrx_word' id='word_1_89' title='bbox 532 1120 578 1180; x_wconf 92' lang='lat' dir='ltr'>vel</span> <span class='ocrx_word' id='word_1_90' title='bbox 601 1128 684 1180; x_wconf 94' lang='lat' dir='ltr'>aceto</span> <span class='ocrx_word' id='word_1_91' title='bbox 708 1120 835 1181; x_wconf 86' lang='lat' dir='ltr'>lerrcnti</span> <span class='ocrx_word' id='word_1_92' title='bbox 858 1123 918 1199; x_wconf 92' lang='lat' dir='ltr'>apii</span> <span class='ocrx_word' id='word_1_93' title='bbox 941 1140 1043 1182; x_wconf 93' lang='lat' dir='ltr'>semen</span> <span class='ocrx_word' id='word_1_94' title='bbox 1062 1127 1114 1184; x_wconf 89' lang='lat' dir='ltr'>tri·</span> 
     </span>
     <span class='ocr_line' id='line_1_12' title="bbox 102 1207 1210 1287; baseline 0.002 -17"><span class='ocrx_word' id='word_1_95' title='bbox 102 1218 166 1270; x_wconf 91' lang='lat' dir='ltr'>tum</span> <span class='ocrx_word' id='word_1_96' title='bbox 190 1209 292 1270; x_wconf 91' lang='lat' dir='ltr'>datum</span> <span class='ocrx_word' id='word_1_97' title='bbox 310 1211 410 1269; x_wconf 88' lang='lat' dir='ltr'>ieiuno</span> <span class='ocrx_word' id='word_1_98' title='bbox 430 1209 476 1270; x_wconf 87' lang='lat' dir='ltr'>vel</span> <span class='ocrx_word' id='word_1_99' title='bbox 495 1219 593 1270; x_wconf 90' lang='lat' dir='ltr'>terrae</span> <span class='ocrx_word' id='word_1_100' title='bbox 611 1208 680 1269; x_wconf 90' lang='lat' dir='ltr'>mali</span> <span class='ocrx_word' id='word_1_101' title='bbox 699 1207 724 1268; x_wconf 82' lang='lat' dir='ltr'>ll</span> <span class='ocrx_word' id='word_1_102' title='bbox 743 1207 756 1268; x_wconf 96' lang='lat' dir='ltr'>l</span> <span class='ocrx_word' id='word_1_103' title='bbox 774 1211 864 1269; x_wconf 90' lang='lat' dir='ltr'>tritus</span> <span class='ocrx_word' id='word_1_104' title='bbox 882 1216 972 1287; x_wconf 90' lang='lat' dir='ltr'>potus</span> <span class='ocrx_word' id='word_1_105' title='bbox 991 1228 1027 1270; x_wconf 84' lang='lat' dir='ltr'>ex</span> <span class='ocrx_word' id='word_1_106' title='bbox 1046 1213 1114 1272; x_wconf 88' lang='lat' dir='ltr'>vino</span> <span class='ocrx_word' id='word_1_107' title='bbox 1206 1233 1210 1241; x_wconf 93' lang='lat'>·</span> 
     </span>
     <span class='ocr_line' id='line_1_13' title="bbox 102 1296 1115 1377; baseline 0.003 -20"><span class='ocrx_word' id='word_1_108' title='bbox 102 1306 203 1358; x_wconf 86' lang='lat' dir='ltr'>vetere</span> <span class='ocrx_word' id='word_1_109' title='bbox 230 1297 277 1358; x_wconf 78' lang='lat' dir='ltr'>vel</span> <span class='ocrx_word' id='word_1_110' title='bbox 304 1298 410 1376; x_wconf 82' lang='lat' dir='ltr'>hysopi</span> <span class='ocrx_word' id='word_1_111' title='bbox 437 1305 488 1359; x_wconf 91' lang='lat' dir='ltr'>aut</span> <span class='ocrx_word' id='word_1_112' title='bbox 513 1300 628 1376; x_wconf 82' lang='lat' dir='ltr'>origani</span> <span class='ocrx_word' id='word_1_113' title='bbox 650 1296 781 1375; x_wconf 85' lang='lat' dir='ltr'>virgulae</span> <span class='ocrx_word' id='word_1_114' title='bbox 806 1299 938 1377; x_wconf 89' lang='lat' dir='ltr'>quinque</span> <span class='ocrx_word' id='word_1_115' title='bbox 962 1317 1031 1359; x_wconf 90' lang='lat' dir='ltr'>cum</span> <span class='ocrx_word' id='word_1_116' title='bbox 1054 1302 1115 1360; x_wconf 89' lang='lat' dir='ltr'>vini</span> 
     </span>
     <span class='ocr_line' id='line_1_14' title="bbox 102 1385 821 1464; baseline 0.001 -20"><span class='ocrx_word' id='word_1_117' title='bbox 102 1386 221 1446; x_wconf 89' lang='lat' dir='ltr'>hemina</span> <span class='ocrx_word' id='word_1_118' title='bbox 244 1386 420 1447; x_wconf 85' lang='lat' dir='ltr'>fervefactae</span> <span class='ocrx_word' id='word_1_119' title='bbox 444 1395 474 1446; x_wconf 90' lang='lat' dir='ltr'>et</span> <span class='ocrx_word' id='word_1_120' title='bbox 496 1389 596 1447; x_wconf 89' lang='lat' dir='ltr'>ieiuno</span> <span class='ocrx_word' id='word_1_121' title='bbox 619 1388 705 1464; x_wconf 91' lang='lat' dir='ltr'>potui</span> <span class='ocrx_word' id='word_1_122' title='bbox 728 1385 821 1445; x_wconf 90' lang='lat' dir='ltr'>datae.</span> 
     </span>
     <span class='ocr_line' id='line_1_15' title="bbox 191 1472 1167 1555; baseline 0.001 -22"><span class='ocrx_word' id='word_1_123' title='bbox 191 1472 376 1555; x_wconf 64' lang='lat' dir='ltr'>lomentum,</span> <span class='ocrx_word' id='word_1_124' title='bbox 400 1474 479 1554; x_wconf 88' lang='lat' dir='ltr'>quod</span> <span class='ocrx_word' id='word_1_125' title='bbox 501 1474 623 1553; x_wconf 92' lang='lat' dir='ltr'>prodest</span> <span class='ocrx_word' id='word_1_126' title='bbox 641 1475 852 1534; x_wconf 88' lang='lat' dir='ltr'>intestinorum</span> <span class='ocrx_word' id='word_1_127' title='bbox 871 1474 1033 1555; x_wconf 83' lang='lat' dir='ltr'>doloribus,</span> <span class='ocrx_word' id='word_1_128' title='bbox 1057 1478 1113 1539; x_wconf 90' lang='lat' dir='ltr'>sic:</span> <span class='ocrx_word' id='word_1_129' title='bbox 1134 1486 1167 1535; x_wconf 76' lang='lat'>15</span> 
     </span>
     <span class='ocr_line' id='line_1_16' title="bbox 63 1563 1114 1644; baseline 0.007 -26"><span class='ocrx_word' id='word_1_130' title='bbox 63 1581 88 1620; x_wconf 87' lang='lat'>15</span> <span class='ocrx_word' id='word_1_131' title='bbox 102 1563 226 1624; x_wconf 79' lang='lat' dir='ltr'>Acetum</span> <span class='ocrx_word' id='word_1_132' title='bbox 253 1571 304 1623; x_wconf 91' lang='lat' dir='ltr'>aut</span> <span class='ocrx_word' id='word_1_133' title='bbox 331 1581 450 1644; x_wconf 87' lang='lat' dir='ltr'>aquam,</span> <span class='ocrx_word' id='word_1_134' title='bbox 478 1565 510 1622; x_wconf 92' lang='lat' dir='ltr'>in</span> <span class='ocrx_word' id='word_1_135' title='bbox 537 1581 596 1642; x_wconf 90' lang='lat' dir='ltr'>qua</span> <span class='ocrx_word' id='word_1_136' title='bbox 623 1569 691 1622; x_wconf 90' lang='lat' dir='ltr'>ruta</span> <span class='ocrx_word' id='word_1_137' title='bbox 719 1564 836 1623; x_wconf 91' lang='lat' dir='ltr'>incocta</span> <span class='ocrx_word' id='word_1_138' title='bbox 859 1563 962 1644; x_wconf 86' lang='lat' dir='ltr'>inerit,</span> <span class='ocrx_word' id='word_1_139' title='bbox 990 1564 1114 1625; x_wconf 82' lang='lat' dir='ltr'>calidam</span> 
     </span>
     <span class='ocr_line' id='line_1_17' title="bbox 101 1650 1114 1731; baseline 0.004 -21"><span class='ocrx_word' id='word_1_140' title='bbox 101 1654 199 1712; x_wconf 87' lang='lat' dir='ltr'>ventri</span> <span class='ocrx_word' id='word_1_141' title='bbox 226 1662 256 1711; x_wconf 89' lang='lat' dir='ltr'>et</span> <span class='ocrx_word' id='word_1_142' title='bbox 283 1650 424 1712; x_wconf 89' lang='lat' dir='ltr'>umbilico</span> <span class='ocrx_word' id='word_1_143' title='bbox 456 1653 596 1731; x_wconf 87' lang='lat' dir='ltr'>inpones;</span> <span class='ocrx_word' id='word_1_144' title='bbox 628 1651 751 1712; x_wconf 83' lang='lat' dir='ltr'>discutit</span> <span class='ocrx_word' id='word_1_145' title='bbox 783 1653 863 1711; x_wconf 92' lang='lat' dir='ltr'>enim</span> <span class='ocrx_word' id='word_1_146' title='bbox 895 1653 1052 1712; x_wconf 86' lang='lat' dir='ltr'>confestim</span> <span class='ocrx_word' id='word_1_147' title='bbox 1084 1663 1114 1714; x_wconf 92' lang='lat' dir='ltr'>et</span> 
     </span>
     <span class='ocr_line' id='line_1_18' title="bbox 102 1739 336 1802; baseline 0.013 -4"><span class='ocrx_word' id='word_1_148' title='bbox 102 1739 186 1799; x_wconf 92' lang='lat' dir='ltr'>sedat</span> <span class='ocrx_word' id='word_1_149' title='bbox 209 1739 336 1802; x_wconf 80' lang='lat' dir='ltr'>dolores.</span> 
     </span>
     <span class='ocr_line' id='line_1_19' title="bbox 191 1827 1166 1890; baseline 0.004 -4"><span class='ocrx_word' id='word_1_150' title='bbox 191 1827 316 1888; x_wconf 81' lang='lat' dir='ltr'>Carmen</span> <span class='ocrx_word' id='word_1_151' title='bbox 343 1828 380 1888; x_wconf 94' lang='lat' dir='ltr'>ad</span> <span class='ocrx_word' id='word_1_152' title='bbox 407 1846 495 1888; x_wconf 90' lang='lat' dir='ltr'>rosus</span> <span class='ocrx_word' id='word_1_153' title='bbox 523 1829 585 1888; x_wconf 88' lang='lat' dir='ltr'>sive</span> <span class='ocrx_word' id='word_1_154' title='bbox 612 1827 767 1887; x_wconf 92' lang='lat' dir='ltr'>hominum</span> <span class='ocrx_word' id='word_1_155' title='bbox 792 1830 854 1887; x_wconf 88' lang='lat' dir='ltr'>sive</span> <span class='ocrx_word' id='word_1_156' title='bbox 877 1828 1047 1889; x_wconf 91' lang='lat' dir='ltr'>animalium</span> <span class='ocrx_word' id='word_1_157' title='bbox 1071 1830 1113 1890; x_wconf 91' lang='lat' dir='ltr'>di·</span> <span class='ocrx_word' id='word_1_158' title='bbox 1133 1839 1166 1890; x_wconf 84' lang='lat'>16</span> 
     </span>
     <span class='ocr_line' id='line_1_20' title="bbox 102 1915 1112 1995; baseline 0.006 -22"><span class='ocrx_word' id='word_1_159' title='bbox 102 1933 256 1975; x_wconf 88' lang='lat' dir='ltr'>versorum</span> <span class='ocrx_word' id='word_1_160' title='bbox 275 1918 327 1976; x_wconf 86' lang='lat' dir='ltr'>sic.</span> <span class='ocrx_word' id='word_1_161' title='bbox 354 1915 484 1977; x_wconf 90' lang='lat' dir='ltr'>Palmam</span> <span class='ocrx_word' id='word_1_162' title='bbox 502 1924 584 1977; x_wconf 90' lang='lat' dir='ltr'>tuam</span> <span class='ocrx_word' id='word_1_163' title='bbox 603 1933 696 1995; x_wconf 91' lang='lat' dir='ltr'>pones</span> <span class='ocrx_word' id='word_1_164' title='bbox 714 1922 817 1976; x_wconf 90' lang='lat' dir='ltr'>contra</span> <span class='ocrx_word' id='word_1_165' title='bbox 837 1915 964 1976; x_wconf 92' lang='lat' dir='ltr'>dolentis</span> <span class='ocrx_word' id='word_1_166' title='bbox 977 1925 1112 1979; x_wconf 86' lang='lat' dir='ltr'>ventrem</span> 
     </span>
     <span class='ocr_line' id='line_1_21' title="bbox 61 2003 1112 2087; baseline 0.008 -27"><span class='ocrx_word' id='word_1_167' title='bbox 61 2018 89 2057; x_wconf 80' lang='lat' dir='ltr'>ao</span> <span class='ocrx_word' id='word_1_168' title='bbox 103 2012 133 2063; x_wconf 93' lang='lat' dir='ltr'>et</span> <span class='ocrx_word' id='word_1_169' title='bbox 155 2003 228 2063; x_wconf 92' lang='lat' dir='ltr'>haec</span> <span class='ocrx_word' id='word_1_170' title='bbox 252 2012 298 2064; x_wconf 92' lang='lat' dir='ltr'>ter</span> <span class='ocrx_word' id='word_1_171' title='bbox 321 2005 422 2065; x_wconf 88' lang='lat' dir='ltr'>novies</span> <span class='ocrx_word' id='word_1_172' title='bbox 452 2005 548 2067; x_wconf 88' lang='lat' dir='ltr'>dices:</span> <span class='ocrx_word' id='word_1_173' title='bbox 581 2004 701 2083; x_wconf 87' lang='lat' dir='ltr'>Stolpus</span> <span class='ocrx_word' id='word_1_174' title='bbox 729 2023 746 2064; x_wconf 95' lang='lat' dir='ltr'>a</span> <span class='ocrx_word' id='word_1_175' title='bbox 774 2005 854 2065; x_wconf 91' lang='lat' dir='ltr'>caelo</span> <span class='ocrx_word' id='word_1_176' title='bbox 883 2005 1004 2087; x_wconf 88' lang='lat' dir='ltr'>cecidit,</span> <span class='ocrx_word' id='word_1_177' title='bbox 1032 2007 1112 2068; x_wconf 92' lang='lat' dir='ltr'>hunc</span> 
     </span>
     <span class='ocr_line' id='line_1_22' title="bbox 102 2091 1112 2176; baseline 0.005 -25"><span class='ocrx_word' id='word_1_178' title='bbox 102 2091 239 2152; x_wconf 88' lang='lat' dir='ltr'>morbum</span> <span class='ocrx_word' id='word_1_179' title='bbox 271 2100 406 2170; x_wconf 89' lang='lat' dir='ltr'>pastores</span> <span class='ocrx_word' id='word_1_180' title='bbox 433 2095 625 2174; x_wconf 82' lang='lat' dir='ltr'>invenerunt,</span> <span class='ocrx_word' id='word_1_181' title='bbox 658 2095 722 2154; x_wconf 87' lang='lat' dir='ltr'>sine</span> <span class='ocrx_word' id='word_1_182' title='bbox 755 2092 892 2153; x_wconf 90' lang='lat' dir='ltr'>manibus</span> <span class='ocrx_word' id='word_1_183' title='bbox 920 2094 1112 2176; x_wconf 84' lang='lat' dir='ltr'>collegerunt,</span> 
     </span>
     <span class='ocr_line' id='line_1_23' title="bbox 101 2181 903 2262; baseline 0.002 -22"><span class='ocrx_word' id='word_1_184' title='bbox 101 2182 165 2241; x_wconf 90' lang='lat' dir='ltr'>sine</span> <span class='ocrx_word' id='word_1_185' title='bbox 188 2183 251 2259; x_wconf 85' lang='lat' dir='ltr'>igni</span> <span class='ocrx_word' id='word_1_186' title='bbox 274 2189 427 2262; x_wconf 82' lang='lat' dir='ltr'>coxerunt,</span> <span class='ocrx_word' id='word_1_187' title='bbox 450 2185 514 2243; x_wconf 89' lang='lat' dir='ltr'>sine</span> <span class='ocrx_word' id='word_1_188' title='bbox 538 2181 678 2243; x_wconf 87' lang='lat' dir='ltr'>dentibus</span> <span class='ocrx_word' id='word_1_189' title='bbox 701 2181 903 2242; x_wconf 89' lang='lat' dir='ltr'>comederunt.</span> 
     </span>
     <span class='ocr_line' id='line_1_24' title="bbox 188 2269 1164 2351; baseline 0.002 -21"><span class='ocrx_word' id='word_1_190' title='bbox 188 2269 232 2330; x_wconf 84' lang='lat' dir='ltr'>Ad</span> <span class='ocrx_word' id='word_1_191' title='bbox 255 2269 418 2332; x_wconf 91' lang='lat' dir='ltr'>lumbricos</span> <span class='ocrx_word' id='word_1_192' title='bbox 441 2271 605 2351; x_wconf 83' lang='lat' dir='ltr'>egerendos</span> <span class='ocrx_word' id='word_1_193' title='bbox 628 2269 696 2330; x_wconf 91' lang='lat' dir='ltr'>felle</span> <span class='ocrx_word' id='word_1_194' title='bbox 720 2272 840 2350; x_wconf 92' lang='lat' dir='ltr'>caprino</span> <span class='ocrx_word' id='word_1_195' title='bbox 860 2270 1054 2333; x_wconf 82' lang='lat' dir='ltr'>madefactam</span> <span class='ocrx_word' id='word_1_196' title='bbox 1072 2272 1111 2333; x_wconf 90' lang='lat' dir='ltr'>la·</span> <span class='ocrx_word' id='word_1_197' title='bbox 1132 2283 1164 2332; x_wconf 78' lang='lat'>1⁷</span> 
     </span>
     <span class='ocr_line' id='line_1_25' title="bbox 100 2358 1111 2442; baseline 0.004 -25"><span class='ocrx_word' id='word_1_198' title='bbox 100 2376 167 2418; x_wconf 92' lang='lat' dir='ltr'>nam</span> <span class='ocrx_word' id='word_1_199' title='bbox 190 2358 331 2420; x_wconf 91' lang='lat' dir='ltr'>umbilico</span> <span class='ocrx_word' id='word_1_200' title='bbox 355 2359 484 2442; x_wconf 81' lang='lat' dir='ltr'>adpone3</span> <span class='ocrx_word' id='word_1_201' title='bbox 511 2360 590 2420; x_wconf 91' lang='lat' dir='ltr'>idem</span> <span class='ocrx_word' id='word_1_202' title='bbox 613 2359 684 2420; x_wconf 87' lang='lat' dir='ltr'>lacit</span> <span class='ocrx_word' id='word_1_203' title='bbox 707 2367 737 2419; x_wconf 94' lang='lat' dir='ltr'>et</span> <span class='ocrx_word' id='word_1_204' title='bbox 759 2358 798 2419; x_wconf 88' lang='lat' dir='ltr'>fel</span> <span class='ocrx_word' id='word_1_205' title='bbox 822 2361 972 2421; x_wconf 89' lang='lat' dir='ltr'>taurinum</span> <span class='ocrx_word' id='word_1_206' title='bbox 997 2363 1039 2421; x_wconf 92' lang='lat' dir='ltr'>sic</span> <span class='ocrx_word' id='word_1_207' title='bbox 1063 2361 1111 2421; x_wconf 93' lang='lat' dir='ltr'>ad-</span> 
     </span>
     <span class='ocr_line' id='line_1_26' title="bbox 60 2448 1110 2530; baseline 0.003 -23"><span class='ocrx_word' id='word_1_208' title='bbox 60 2449 229 2524; x_wconf 70' lang='lat' dir='ltr'>repositum</span> <span class='ocrx_word' id='word_1_209' title='bbox 252 2467 370 2510; x_wconf 91' lang='lat' dir='ltr'>necnon</span> <span class='ocrx_word' id='word_1_210' title='bbox 392 2448 543 2510; x_wconf 87' lang='lat' dir='ltr'>brassicae</span> <span class='ocrx_word' id='word_1_211' title='bbox 566 2466 669 2508; x_wconf 90' lang='lat' dir='ltr'>semen</span> <span class='ocrx_word' id='word_1_212' title='bbox 691 2449 796 2508; x_wconf 92' lang='lat' dir='ltr'>tritum</span> <span class='ocrx_word' id='word_1_213' title='bbox 820 2466 856 2508; x_wconf 83' lang='lat' dir='ltr'>ex</span> <span class='ocrx_word' id='word_1_214' title='bbox 879 2450 948 2510; x_wconf 85' lang='lat' dir='ltr'>rino</span> <span class='ocrx_word' id='word_1_215' title='bbox 971 2449 1110 2530; x_wconf 85' lang='lat' dir='ltr'>velaque</span> 
     </span>
     <span class='ocr_line' id='line_1_27' title="bbox 98 2535 1164 2616; baseline 0.002 -22"><span class='ocrx_word' id='word_1_216' title='bbox 98 2537 138 2595; x_wconf 92' lang='lat' dir='ltr'>ita</span> <span class='ocrx_word' id='word_1_217' title='bbox 168 2537 317 2614; x_wconf 92' lang='lat' dir='ltr'>oportebit</span> <span class='ocrx_word' id='word_1_218' title='bbox 339 2538 456 2616; x_wconf 91' lang='lat' dir='ltr'>adponi.</span> <span class='ocrx_word' id='word_1_219' title='bbox 497 2536 541 2597; x_wconf 79' lang='lat' dir='ltr'>hd</span> <span class='ocrx_word' id='word_1_220' title='bbox 564 2535 726 2597; x_wconf 90' lang='lat' dir='ltr'>lumbricos</span> <span class='ocrx_word' id='word_1_221' title='bbox 750 2544 780 2596; x_wconf 93' lang='lat' dir='ltr'>et</span> <span class='ocrx_word' id='word_1_222' title='bbox 804 2539 899 2598; x_wconf 91' lang='lat' dir='ltr'>tineas</span> <span class='ocrx_word' id='word_1_223' title='bbox 918 2537 1051 2599; x_wconf 89' lang='lat' dir='ltr'>coliculis</span> <span class='ocrx_word' id='word_1_224' title='bbox 1075 2557 1110 2599; x_wconf 82' lang='lat' dir='ltr'>ex</span> <span class='ocrx_word' id='word_1_225' title='bbox 1132 2548 1164 2597; x_wconf 88' lang='lat'>18</span> 
     </span>
     <span class='ocr_line' id='line_1_28' title="bbox 99 2625 1110 2704; baseline 0.005 -21"><span class='ocrx_word' id='word_1_226' title='bbox 99 2643 175 2702; x_wconf 91' lang='lat' dir='ltr'>aqua</span> <span class='ocrx_word' id='word_1_227' title='bbox 202 2628 295 2686; x_wconf 90' lang='lat' dir='ltr'>coctis</span> <span class='ocrx_word' id='word_1_228' title='bbox 323 2627 478 2704; x_wconf 82' lang='lat' dir='ltr'>origanum</span> <span class='ocrx_word' id='word_1_229' title='bbox 504 2625 682 2686; x_wconf 88' lang='lat' dir='ltr'>admisoehis</span> <span class='ocrx_word' id='word_1_230' title='bbox 709 2643 744 2685; x_wconf 92' lang='lat' dir='ltr'>ac</span> <span class='ocrx_word' id='word_1_231' title='bbox 771 2627 871 2686; x_wconf 90' lang='lat' dir='ltr'>ieiuno</span> <span class='ocrx_word' id='word_1_232' title='bbox 904 2626 1048 2688; x_wconf 91' lang='lat' dir='ltr'>bibendos</span> <span class='ocrx_word' id='word_1_233' title='bbox 1080 2629 1110 2688; x_wconf 91' lang='lat' dir='ltr'>in</span> 
     </span>
     <span class='ocr_line' id='line_1_29' title="bbox 99 2712 492 2792; baseline 0.008 -21"><span class='ocrx_word' id='word_1_234' title='bbox 99 2712 147 2772; x_wconf 89' lang='lat' dir='ltr'>die</span> <span class='ocrx_word' id='word_1_235' title='bbox 170 2721 233 2772; x_wconf 91' lang='lat' dir='ltr'>tres</span> <span class='ocrx_word' id='word_1_236' title='bbox 256 2713 377 2792; x_wconf 82' lang='lat' dir='ltr'>cyathos</span> <span class='ocrx_word' id='word_1_237' title='bbox 400 2713 492 2774; x_wconf 91' lang='lat' dir='ltr'>dabis.</span> 
     </span>
     <span class='ocr_line' id='line_1_30' title="bbox 187 2800 1163 2882; baseline 0.004 -23"><span class='ocrx_word' id='word_1_238' title='bbox 187 2800 232 2860; x_wconf 79' lang='lat' dir='ltr'>hd</span> <span class='ocrx_word' id='word_1_239' title='bbox 260 2803 372 2861; x_wconf 89' lang='lat' dir='ltr'>ventris</span> <span class='ocrx_word' id='word_1_240' title='bbox 399 2819 486 2862; x_wconf 90' lang='lat' dir='ltr'>rosus</span> <span class='ocrx_word' id='word_1_241' title='bbox 514 2801 679 2862; x_wconf 91' lang='lat' dir='ltr'>remedium</span> <span class='ocrx_word' id='word_1_242' title='bbox 708 2805 764 2864; x_wconf 91' lang='lat' dir='ltr'>sio:</span> <span class='ocrx_word' id='word_1_243' title='bbox 800 2802 916 2880; x_wconf 88' lang='lat' dir='ltr'>Piperis</span> <span class='ocrx_word' id='word_1_244' title='bbox 944 2803 1004 2863; x_wconf 93' lang='lat' dir='ltr'>albi</span> <span class='ocrx_word' id='word_1_245' title='bbox 1025 2835 1070 2846; x_wconf 90' lang='lat'><em>-</em></span> <span class='ocrx_word' id='word_1_246' title='bbox 1088 2803 1110 2882; x_wconf 82' lang='grc' dir='ltr'>Ι,</span> <span class='ocrx_word' id='word_1_247' title='bbox 1131 2815 1163 2863; x_wconf 82' lang='lat'>19</span> 
     </span>
     <span class='ocr_line' id='line_1_31' title="bbox 59 2883 1110 2974; baseline 0.006 -32"><span class='ocrx_word' id='word_1_248' title='bbox 59 2902 86 2941; x_wconf 86' lang='lat' dir='ltr'>so</span> <span class='ocrx_word' id='word_1_249' title='bbox 100 2888 210 2965; x_wconf 87' lang='lat' dir='ltr'>cymini</span> <span class='ocrx_word' id='word_1_250' title='bbox 232 2890 341 2949; x_wconf 88' lang='lat' dir='ltr'>saccati</span> <span class='ocrx_word' id='word_1_251' title='bbox 364 2920 406 2932; x_wconf 92' lang='lat'><em>-</em></span> <span class='ocrx_word' id='word_1_252' title='bbox 425 2889 452 2970; x_wconf 89' lang='lat'>1,</span> <span class='ocrx_word' id='word_1_253' title='bbox 474 2896 559 2950; x_wconf 92' lang='lat' dir='ltr'>rutae</span> <span class='ocrx_word' id='word_1_254' title='bbox 583 2890 651 2950; x_wconf 90' lang='lat' dir='ltr'>lolia</span> <span class='ocrx_word' id='word_1_255' title='bbox 674 2890 778 2951; x_wconf 90' lang='lat' dir='ltr'>viridia</span> <span class='ocrx_word' id='word_1_256' title='bbox 804 2923 842 2933; x_wconf 90' lang='lat'>—</span> <span class='ocrx_word' id='word_1_257' title='bbox 863 2889 884 2971; x_wconf 84' lang='lat'>1,</span> <span class='ocrx_word' id='word_1_258' title='bbox 907 2891 980 2950; x_wconf 91' lang='lat' dir='ltr'>nitri</span> <span class='ocrx_word' id='word_1_259' title='bbox 1003 2883 1042 2974; x_wconf 49' lang='grc' dir='ltr'>ξι</span> <span class='ocrx_word' id='word_1_260' title='bbox 1062 2889 1110 2970; x_wconf 88' lang='lat' dir='ltr'>lll,</span> 
     </span>
     <span class='ocr_line' id='line_1_32' title="bbox 100 2975 1111 3057; baseline 0.003 -24"><span class='ocrx_word' id='word_1_261' title='bbox 100 2975 218 3035; x_wconf 88' lang='lat' dir='ltr'>culorhi</span> <span class='ocrx_word' id='word_1_262' title='bbox 244 2976 458 3055; x_wconf 88' lang='lat' dir='ltr'>permodicum.</span> <span class='ocrx_word' id='word_1_263' title='bbox 500 2976 579 3038; x_wconf 86' lang='lat' dir='ltr'>llaec</span> <span class='ocrx_word' id='word_1_264' title='bbox 608 2981 705 3039; x_wconf 90' lang='lat' dir='ltr'>omnia</span> <span class='ocrx_word' id='word_1_265' title='bbox 728 2978 814 3039; x_wconf 90' lang='lat' dir='ltr'>melle</span> <span class='ocrx_word' id='word_1_266' title='bbox 838 2987 868 3038; x_wconf 90' lang='lat' dir='ltr'>et</span> <span class='ocrx_word' id='word_1_267' title='bbox 891 2985 974 3038; x_wconf 92' lang='lat' dir='ltr'>aceto</span> <span class='ocrx_word' id='word_1_268' title='bbox 998 2979 1111 3057; x_wconf 91' lang='lat' dir='ltr'>pariter</span> 
     </span>
     <span class='ocr_line' id='line_1_33' title="bbox 98 3065 1110 3145; baseline 0.003 -23"><span class='ocrx_word' id='word_1_269' title='bbox 98 3065 244 3142; x_wconf 81' lang='lat' dir='ltr'>permixta</span> <span class='ocrx_word' id='word_1_270' title='bbox 271 3067 302 3124; x_wconf 89' lang='lat' dir='ltr'>in</span> <span class='ocrx_word' id='word_1_271' title='bbox 328 3065 436 3144; x_wconf 92' lang='lat' dir='ltr'>pilulas</span> <span class='ocrx_word' id='word_1_272' title='bbox 463 3066 499 3127; x_wconf 92' lang='lat' dir='ltr'>ad</span> <span class='ocrx_word' id='word_1_273' title='bbox 523 3066 643 3128; x_wconf 91' lang='lat' dir='ltr'>modum</span> <span class='ocrx_word' id='word_1_274' title='bbox 666 3067 749 3127; x_wconf 85' lang='lat' dir='ltr'>fabae</span> <span class='ocrx_word' id='word_1_275' title='bbox 772 3067 890 3145; x_wconf 86' lang='lat' dir='ltr'>rediges</span> <span class='ocrx_word' id='word_1_276' title='bbox 914 3073 944 3127; x_wconf 90' lang='lat' dir='ltr'>et</span> <span class='ocrx_word' id='word_1_277' title='bbox 966 3065 1110 3126; x_wconf 88' lang='lat' dir='ltr'>bibendas</span> 
     </span>
     <span class='ocr_line' id='line_1_34' title="bbox 98 3151 1064 3235; baseline 0.003 -24"><span class='ocrx_word' id='word_1_278' title='bbox 98 3151 248 3230; x_wconf 82' lang='lat' dir='ltr'>paulatim,</span> <span class='ocrx_word' id='word_1_279' title='bbox 272 3171 339 3214; x_wconf 89' lang='lat' dir='ltr'>eum</span> <span class='ocrx_word' id='word_1_280' title='bbox 362 3173 438 3234; x_wconf 92' lang='lat' dir='ltr'>opus</span> <span class='ocrx_word' id='word_1_281' title='bbox 461 3156 560 3235; x_wconf 84' lang='lat' dir='ltr'>luerit,</span> <span class='ocrx_word' id='word_1_282' title='bbox 583 3158 683 3216; x_wconf 89' lang='lat' dir='ltr'>ieiuno</span> <span class='ocrx_word' id='word_1_283' title='bbox 707 3174 743 3215; x_wconf 82' lang='lat' dir='ltr'>ex</span> <span class='ocrx_word' id='word_1_284' title='bbox 766 3157 835 3215; x_wconf 91' lang='lat' dir='ltr'>vino</span> <span class='ocrx_word' id='word_1_285' title='bbox 858 3157 948 3215; x_wconf 81' lang='lat' dir='ltr'>mixto</span> <span class='ocrx_word' id='word_1_286' title='bbox 972 3153 1064 3215; x_wconf 78' lang='lat' dir='ltr'>dabis,</span> 
     </span>
    </p>
   </div>
   <div class='ocr_carea' id='block_1_3' title="bbox 57 3241 1163 3415">
    <p class='ocr_par' dir='ltr' id='par_1_3' title="bbox 57 3241 1163 3415">
     <span class='ocr_line' id='line_1_35' title="bbox 188 3241 1163 3325; baseline 0.001 -24"><span class='ocrx_word' id='word_1_287' title='bbox 188 3241 220 3302; x_wconf 91' lang='lat' dir='ltr'>Si</span> <span class='ocrx_word' id='word_1_288' title='bbox 243 3243 425 3304; x_wconf 86' lang='lat' dir='ltr'>ventriculus</span> <span class='ocrx_word' id='word_1_289' title='bbox 448 3253 638 3324; x_wconf 86' lang='lat' dir='ltr'>perversatus</span> <span class='ocrx_word' id='word_1_290' title='bbox 662 3245 753 3305; x_wconf 86' lang='lat' dir='ltr'>luerit</span> <span class='ocrx_word' id='word_1_291' title='bbox 771 3243 868 3325; x_wconf 84' lang='lat' dir='ltr'>alicui,</span> <span class='ocrx_word' id='word_1_292' title='bbox 891 3261 998 3322; x_wconf 90' lang='lat' dir='ltr'>aquam</span> <span class='ocrx_word' id='word_1_293' title='bbox 1017 3242 1106 3322; x_wconf 79' lang='lat' dir='ltr'>bibat,</span> <span class='ocrx_word' id='word_1_294' title='bbox 1128 3255 1163 3303; x_wconf 79' lang='lat'>20</span> 
     </span>
     <span class='ocr_line' id='line_1_36' title="bbox 57 3330 1109 3415; baseline 0.001 -25"><span class='ocrx_word' id='word_1_295' title='bbox 57 3330 178 3391; x_wconf 69' lang='lat' dir='ltr'>arunde</span> <span class='ocrx_word' id='word_1_296' title='bbox 205 3331 297 3409; x_wconf 90' lang='lat' dir='ltr'>pedes</span> <span class='ocrx_word' id='word_1_297' title='bbox 324 3331 429 3394; x_wconf 87' lang='lat' dir='ltr'>laverit</span> <span class='ocrx_word' id='word_1_298' title='bbox 456 3351 539 3415; x_wconf 89' lang='lat' dir='ltr'>suos,</span> <span class='ocrx_word' id='word_1_299' title='bbox 568 3343 598 3394; x_wconf 88' lang='lat' dir='ltr'>et</span> <span class='ocrx_word' id='word_1_300' title='bbox 625 3334 662 3394; x_wconf 91' lang='lat' dir='ltr'>de</span> <span class='ocrx_word' id='word_1_301' title='bbox 689 3332 755 3392; x_wconf 90' lang='lat' dir='ltr'>lana</span> <span class='ocrx_word' id='word_1_302' title='bbox 783 3334 859 3412; x_wconf 85' lang='lat' dir='ltr'>ovis,</span> <span class='ocrx_word' id='word_1_303' title='bbox 892 3350 967 3411; x_wconf 91' lang='lat' dir='ltr'>quae</span> <span class='ocrx_word' id='word_1_304' title='bbox 995 3350 1012 3391; x_wconf 94' lang='lat' dir='ltr'>a</span> <span class='ocrx_word' id='word_1_305' title='bbox 1039 3330 1109 3411; x_wconf 93' lang='lat' dir='ltr'>lupo</span> 
     </span>
    </p>
   </div>
   <div class='ocr_carea' id='block_1_4' title="bbox 188 3515 1140 3592">
    <p class='ocr_par' dir='ltr' id='par_1_4' title="bbox 188 3515 1140 3592">
     <span class='ocr_line' id='line_1_37' title="bbox 188 3515 1140 3592; baseline -0.015 -16"><span class='ocrx_word' id='word_1_306' title='bbox 188 3527 205 3576; x_wconf 87' lang='lat'>8</span> <span class='ocrx_word' id='word_1_307' title='bbox 219 3535 351 3590; x_wconf 83' lang='lat' dir='ltr'>panacea.</span> <span class='ocrx_word' id='word_1_308' title='bbox 380 3526 395 3575; x_wconf 83' lang='grc'><strong>9</strong></span> <span class='ocrx_word' id='word_1_309' title='bbox 410 3519 524 3576; x_wconf 82' lang='lat' dir='ltr'>cholera</span> <span class='ocrx_word' id='word_1_310' title='bbox 539 3521 609 3592; x_wconf 71' lang='lat' dir='ltr'>(sict.</span> <span class='ocrx_word' id='word_1_311' title='bbox 636 3524 672 3575; x_wconf 77' lang='lat' dir='ltr'>nt</span> <span class='ocrx_word' id='word_1_312' title='bbox 687 3519 877 3591; x_wconf 69' lang='lat' dir='ltr'>colligerent.</span> <span class='ocrx_word' id='word_1_313' title='bbox 902 3524 945 3572; x_wconf 70' lang='lat' dir='ltr'>‘ts</span> <span class='ocrx_word' id='word_1_314' title='bbox 958 3515 1140 3585; x_wconf 50' lang='lat' dir='ltr'>egerendos.</span> 
     </span>
    </p>
   </div>
   <div class='ocr_carea' id='block_1_5' title="bbox 0 0 1224 3802">
    <p class='ocr_par' dir='ltr' id='par_1_5' title="bbox 0 0 1224 3802">
     <span class='ocr_line' id='line_1_38' title="bbox 0 0 1224 3802; baseline 0 2"><span class='ocrx_word' id='word_1_315' title='bbox 0 0 1224 3802; x_wconf 95' lang='lat' dir='ltr'> </span> 
     </span>
    </p>
   </div>
  </div>
 </body>
</html>
