2438 3802
597 131 792 193 „2-

152 311 169 360 4
189 294 424 374 cessioneopem
438 294 636 352 necessariam
651 294 894 372 curationemque
909 292 1080 371 praestabit.
1108 293 1201 354 Cuius

189 382 329 443 scientiae
349 381 493 442 beneficia
508 382 570 440 vice
590 388 693 441 mutua
712 383 843 441 caritatis
861 381 1006 441 humanae
1024 400 1092 442 cum
1107 384 1201 442 omni-

188 470 244 532 bus
266 467 402 550 lnlirm'is,
426 471 537 549 amicis,
562 471 640 529 notis
664 471 841 549 ignotisque,
865 472 954 529 immo
975 488 1044 529 vero
1063 489 1131 530 cum
1151 471 1201 530 ad-

187 561 270 620 venis
293 561 387 637 magis
411 565 441 618 ct
464 557 653 637 pauperculis
677 560 896 618 communicare
921 557 1048 639 debetis,
1077 561 1146 637 quia
1171 567 1201 619 ct

188 649 243 710 dco
263 649 414 727 acceptior
429 654 458 706 et
472 646 586 706 homini
599 646 774 706 laudabilior
788 647 1001 726 misericordia,
1021 665 1096 726 quae
1111 666 1200 726 aegro

152 752 168 802 o
187 737 300 816 hospiti
318 754 352 796 ac
371 737 529 814 peregrino
545 753 698 814 cgenoquc
713 735 855 796 defertur.
885 735 991 795 Moneo
1007 754 1086 816 sane,
1101 737 1127 795 si
1142 755 1201 814 qua

188 827 300 886 luerint
318 823 447 903 paranda
466 823 669 903 medicamina,
689 842 726 883 ne
740 823 852 903 absque
866 824 981 884 medico
1001 833 1052 884 aut
1070 826 1201 884 incurio-

188 915 251 974 sius
279 920 485 991 conponantur
513 920 564 973 aut
591 912 781 990 indiligenter
808 912 982 973 habeantur.
1028 911 1101 972 Nam
1131 913 1201 973 licet

189 1003 385 1063 attentissime
410 1003 524 1080 species
548 1009 578 1062 et
601 1018 755 1061 mensuras
780 1003 947 1079 specierum
972 1001 1112 1061 remediis
1136 1003 1200 1080 qui-

188 1090 304 1169 busque
324 1089 509 1169 adscripsero
530 1097 560 1150 ct
578 1092 711 1168 ipsarum
731 1107 938 1150 mensurarum
960 1097 1046 1149 notas
1065 1089 1110 1150 vel
1128 1108 1200 1168 pon·

189 1180 293 1241 derum
318 1178 473 1257 qualitates
498 1179 661 1239 secundum
685 1178 826 1238 Graecam
850 1178 1039 1239 traditionem
1061 1186 1091 1238 ct
1109 1179 1200 1238 medi·

189 1286 292 1330 corum
317 1275 450 1328 veterum
474 1267 721 1328 consuetudinem
750 1285 884 1327 seorsum
909 1266 1006 1327 libello
1031 1266 1101 1326 huic
1123 1269 1200 1326 inse-

189 1375 278 1418 ruero
302 1364 332 1417 et
353 1375 412 1416 non
437 1355 532 1417 solum
555 1356 694 1436 Romana,
718 1355 769 1416 sed
795 1357 883 1416 etiam
907 1355 993 1415 Graia
1017 1357 1201 1434 expositione

189 1447 350 1526 digessero,
374 1453 473 1506 tamen
492 1464 508 1504 e
528 1463 560 1505 re
580 1452 634 1524 est,
651 1451 684 1504 ut
702 1444 776 1504 haec
795 1444 897 1504 eadem
917 1463 987 1505 cum
1008 1443 1201 1522 peritioribus

189 1535 381 1596 conserantur
405 1551 438 1593 ac
462 1535 580 1611 saepius
604 1540 804 1594 retractentur
828 1541 858 1593 et
881 1551 955 1612 quae
980 1533 1114 1593 conlecta
1137 1533 1200 1592 fuc-

188 1626 250 1684 rint
273 1621 319 1682 vcl
341 1630 441 1700 parata
466 1621 659 1681 medicamina
683 1621 739 1682 sub
759 1621 918 1699 signaculis
937 1639 1056 1699 semper
1074 1620 1202 1681 habean-

189 1720 253 1791 tur,
277 1728 314 1771 ne
338 1717 389 1770 aut
412 1727 499 1769 casus
522 1709 634 1770 incidat
657 1717 708 1770 aut
732 1709 897 1788 malignitas
921 1709 1046 1770 alicuius
1069 1709 1202 1790 obrepat,

190 1817 264 1880 quae
293 1797 430 1860 benivole
455 1805 485 1858 et
508 1799 624 1858 sincere
648 1805 750 1876 parata
774 1807 953 1879 corrumpat,
978 1801 1075 1876 sitque
1099 1798 1135 1858 de
1156 1816 1201 1858 re-

189 1887 286 1950 medio
314 1904 461 1947 vencnum
494 1895 524 1947 et
553 1886 590 1948 de
621 1886 795 1948 salubritate
825 1889 974 1966 pernicies
1004 1888 1202 1965 culpeturque

154 1976 349 2056 emedicina,
382 1993 449 2036 cum
486 1977 618 2055 peccarit
654 1978 777 2036 incuria.
828 1975 862 2036 ln
894 1993 1009 2036 summa
1047 1994 1094 2035 me
1126 1975 1201 2036 haec

189 2065 316 2144 benigne
339 2082 459 2145 parasse
478 2071 509 2125 et
527 2072 625 2125 tamen
645 2065 801 2143 superbis
820 2067 971 2124 monuisse
992 2064 1128 2142 sufficiet,
1150 2082 1203 2124 vos

189 2155 312 2236 perinde
341 2155 460 2214 sanitati
488 2162 603 2214 vestrae
631 2160 720 2231 atque
749 2155 881 2230 opinioni
908 2171 991 2212 meac
1015 2152 1203 2213 consuluisse

190 2244 354 2304 conveniet.
383 2240 533 2320 Epistulas
548 2259 667 2320 quoque
682 2259 794 2315 corum,
815 2260 942 2319 quorum
957 2241 1088 2301 studium
1103 2259 1203 2302 aemu-

189 2331 281 2391 latum
305 2347 352 2389 me
376 2347 441 2389 esse
470 2331 589 2410 scripsi,
618 2329 687 2390 huic
711 2332 808 2411 operi,
836 2349 873 2390 ne
902 2330 973 2409 quid
997 2329 1128 2410 deesset,
1152 2330 1203 2390 ad·

189 2421 261 2500 ieci,
285 2436 410 2497 quarum
433 2417 522 2478 lectio
545 2426 575 2478 et
598 2419 723 2479 incitare
746 2437 798 2478 vos
822 2419 858 2478 ad
882 2420 1079 2479 necessariam
1103 2421 1204 2496 cogni-

155 2527 170 2575 ‘1
190 2510 301 2568 tionem
325 2515 355 2567 et
378 2508 528 2567 instruere
546 2509 657 2585 poterit
676 2507 712 2567 ad
732 2507 865 2568 salutem.
902 2506 1064 2568 Versiculis
1084 2526 1204 2586 quoque

189 2596 315 2657 lusimus
335 2597 507 2674 migmatum
522 2603 552 2655 et
571 2597 737 2674 specierum
758 2596 922 2675 digestione
942 2598 1124 2677 compositis,
1143 2614 1205 2657 uon

190 2684 270 2765 quod
293 2685 332 2744 sit
355 2683 476 2763 dignum
495 2684 606 2763 aliquid
625 2686 656 2744 in
675 2687 815 2766 carmine,
835 2685 887 2745 scd
905 2693 939 2745 ut
957 2685 1100 2745 lectorem
1120 2703 1204 2746 scru-

190 2781 375 2852 tatoremque
403 2772 492 2833 huius
520 2775 620 2852 operis
648 2781 678 2833 et
704 2791 809 2852 poema
837 2773 967 2852 pelliciat
995 2782 1025 2833 et
1053 2775 1202 2853 exoptatio

190 2861 296 2923 blanda
324 2861 469 2922 conciliet.
512 2861 597 2933 Quod
626 2861 802 2941 opusculum
830 2864 861 2921 in
884 2863 984 2922 infima
1007 2870 1092 2941 parte
1115 2863 1204 2922 huius

191 2951 302 3012 codicis
330 2950 483 3032 collocavi,
511 2959 541 3012 et
568 2960 602 3012 ut
630 2969 767 3012 sermone
795 2959 898 3011 nostro
926 2969 1017 3030 opera
1044 2951 1117 3011 haec
1146 2950 1204 3011 sol·

190 3040 276 3101 lertia
299 3049 400 3100 nostra
425 3042 588 3119 composita
612 3039 787 3100 claudantur
806 3048 836 3099 et
855 3058 948 3118 nugas
968 3048 1085 3101 nostras
1104 3039 1204 3100 multi·

190 3128 258 3208 pler
282 3129 420 3190 loliorum
444 3129 521 3189 celet
544 3128 687 3188 obiectus.
