<?xml version="1.0" encoding="UTF-8"?>
<!DOCTYPE html PUBLIC "-//W3C//DTD XHTML 1.0 Transitional//EN"
    "http://www.w3.org/TR/xhtml1/DTD/xhtml1-transitional.dtd">
<html xmlns="http://www.w3.org/1999/xhtml" xml:lang="en" lang="en">
 <head>
  <title>
</title>
<meta http-equiv="Content-Type" content="text/html;charset=utf-8" />
  <meta name='ocr-system' content='tesseract 3.04.00' />
  <meta name='ocr-capabilities' content='ocr_page ocr_carea ocr_par ocr_line ocrx_word'/>
</head>
<body>
  <div class='ocr_page' id='page_1' title='image "./marcellidemedic01helmgoog_0357.png"; bbox 0 0 2438 3802; ppageno 0'>
   <div class='ocr_carea' id='block_1_1' title="bbox 517 159 753 224">
    <p class='ocr_par' dir='ltr' id='par_1_1' title="bbox 517 159 753 224">
     <span class='ocr_line' id='line_1_1' title="bbox 517 159 753 224; baseline -0.017 1"><span class='ocrx_word' id='word_1_1' title='bbox 517 159 753 224; x_wconf 84' lang='lat'>-356-</span> 
     </span>
    </p>
   </div>
   <div class='ocr_carea' id='block_1_2' title="bbox 67 319 1169 3390">
    <p class='ocr_par' dir='ltr' id='par_1_2' title="bbox 74 319 1146 492">
     <span class='ocr_line' id='line_1_2' title="bbox 74 319 1146 398; baseline 0.004 -18"><span class='ocrx_word' id='word_1_2' title='bbox 74 330 109 380; x_wconf 82' lang='grc'><strong>88</strong></span> <span class='ocrx_word' id='word_1_3' title='bbox 217 320 261 379; x_wconf 79' lang='lat' dir='ltr'><strong>hd</strong></span> <span class='ocrx_word' id='word_1_4' title='bbox 285 322 398 380; x_wconf 88' lang='lat' dir='ltr'><strong>varices</strong></span> <span class='ocrx_word' id='word_1_5' title='bbox 422 319 564 398; x_wconf 82' lang='lat' dir='ltr'><strong>fugandas</strong></span> <span class='ocrx_word' id='word_1_6' title='bbox 587 320 752 381; x_wconf 90' lang='lat' dir='ltr'><strong>remedium</strong></span> <span class='ocrx_word' id='word_1_7' title='bbox 776 321 831 381; x_wconf 91' lang='lat' dir='ltr'><strong>sic:</strong></span> <span class='ocrx_word' id='word_1_8' title='bbox 854 319 995 382; x_wconf 91' lang='lat' dir='ltr'><strong>Hederae</strong></span> <span class='ocrx_word' id='word_1_9' title='bbox 1015 323 1146 384; x_wconf 88' lang='lat' dir='ltr'><strong>radicem</strong></span> 
     </span>
     <span class='ocr_line' id='line_1_3' title="bbox 127 407 1144 492; baseline 0.004 -24"><span class='ocrx_word' id='word_1_10' title='bbox 127 407 229 489; x_wconf 84' lang='lat' dir='ltr'><strong>tolles,</strong></span> <span class='ocrx_word' id='word_1_11' title='bbox 252 427 320 470; x_wconf 92' lang='lat' dir='ltr'><strong>cum</strong></span> <span class='ocrx_word' id='word_1_12' title='bbox 344 409 435 469; x_wconf 88' lang='lat' dir='ltr'><strong>luerit</strong></span> <span class='ocrx_word' id='word_1_13' title='bbox 456 408 526 468; x_wconf 91' lang='lat' dir='ltr'><strong>luna</strong></span> <span class='ocrx_word' id='word_1_14' title='bbox 549 409 580 468; x_wconf 94' lang='lat' dir='ltr'><strong>in</strong></span> <span class='ocrx_word' id='word_1_15' title='bbox 604 410 738 488; x_wconf 87' lang='lat' dir='ltr'><strong>aquario,</strong></span> <span class='ocrx_word' id='word_1_16' title='bbox 762 416 792 469; x_wconf 92' lang='lat' dir='ltr'><strong>et</strong></span> <span class='ocrx_word' id='word_1_17' title='bbox 814 409 968 470; x_wconf 91' lang='lat' dir='ltr'><strong>circumda</strong></span> <span class='ocrx_word' id='word_1_18' title='bbox 995 429 1064 492; x_wconf 91' lang='lat' dir='ltr'><strong>eas,</strong></span> <span class='ocrx_word' id='word_1_19' title='bbox 1089 413 1144 472; x_wconf 84' lang='lat' dir='ltr'><strong>cito</strong></span> 
     </span>
    </p>

    <p class='ocr_par' dir='ltr' id='par_1_3' title="bbox 73 495 1143 666">
     <span class='ocr_line' id='line_1_4' title="bbox 73 495 1142 580; baseline 0.005 -25"><span class='ocrx_word' id='word_1_20' title='bbox 73 506 107 556; x_wconf 86' lang='grc'><strong>83</strong></span> <span class='ocrx_word' id='word_1_21' title='bbox 126 497 293 559; x_wconf 91' lang='lat' dir='ltr'><strong>medebere.</strong></span> <span class='ocrx_word' id='word_1_22' title='bbox 334 496 468 556; x_wconf 91' lang='lat' dir='ltr'><strong>Hederae</strong></span> <span class='ocrx_word' id='word_1_23' title='bbox 491 495 579 556; x_wconf 92' lang='lat' dir='ltr'><strong>bacas</strong></span> <span class='ocrx_word' id='word_1_24' title='bbox 603 504 677 575; x_wconf 90' lang='lat' dir='ltr'><strong>tres,</strong></span> <span class='ocrx_word' id='word_1_25' title='bbox 708 515 782 575; x_wconf 92' lang='lat' dir='ltr'><strong>quae</strong></span> <span class='ocrx_word' id='word_1_26' title='bbox 805 515 860 575; x_wconf 89' lang='lat' dir='ltr'><strong>per</strong></span> <span class='ocrx_word' id='word_1_27' title='bbox 882 499 1036 575; x_wconf 88' lang='lat' dir='ltr'><strong>parietem</strong></span> <span class='ocrx_word' id='word_1_28' title='bbox 1059 502 1142 580; x_wconf 81' lang='lat' dir='ltr'><strong>repit,</strong></span> 
     </span>
     <span class='ocr_line' id='line_1_5' title="bbox 127 584 1143 666; baseline 0.003 -20"><span class='ocrx_word' id='word_1_29' title='bbox 127 587 208 666; x_wconf 92' lang='lat' dir='ltr'><strong>pedi,</strong></span> <span class='ocrx_word' id='word_1_30' title='bbox 234 588 265 646; x_wconf 93' lang='lat' dir='ltr'><strong>in</strong></span> <span class='ocrx_word' id='word_1_31' title='bbox 293 604 353 664; x_wconf 84' lang='lat' dir='ltr'><strong>quo</strong></span> <span class='ocrx_word' id='word_1_32' title='bbox 381 591 452 644; x_wconf 88' lang='lat' dir='ltr'><strong>sunt</strong></span> <span class='ocrx_word' id='word_1_33' title='bbox 474 585 600 662; x_wconf 79' lang='lat' dir='ltr'><strong>variceS,</strong></span> <span class='ocrx_word' id='word_1_34' title='bbox 630 584 746 663; x_wconf 82' lang='lat' dir='ltr'><strong>alligato</strong></span> <span class='ocrx_word' id='word_1_35' title='bbox 770 584 817 644; x_wconf 87' lang='lat' dir='ltr'><strong>vel</strong></span> <span class='ocrx_word' id='word_1_36' title='bbox 839 585 970 646; x_wconf 92' lang='lat' dir='ltr'><strong>radicem</strong></span> <span class='ocrx_word' id='word_1_37' title='bbox 998 589 1068 649; x_wconf 92' lang='lat' dir='ltr'><strong>eius</strong></span> <span class='ocrx_word' id='word_1_38' title='bbox 1092 591 1143 648; x_wconf 89' lang='lat' dir='ltr'><strong>cir·</strong></span> 
     </span>
    </p>

    <p class='ocr_par' dir='ltr' id='par_1_4' title="bbox 72 670 1159 842">
     <span class='ocr_line' id='line_1_6' title="bbox 72 670 1159 755; baseline 0 -23"><span class='ocrx_word' id='word_1_39' title='bbox 72 683 107 732; x_wconf 85' lang='lat'><strong>84</strong></span> <span class='ocrx_word' id='word_1_40' title='bbox 126 674 273 735; x_wconf 90' lang='lat' dir='ltr'><strong>cumdato.</strong></span> <span class='ocrx_word' id='word_1_41' title='bbox 308 672 388 750; x_wconf 89' lang='lat' dir='ltr'><strong>Rapa</strong></span> <span class='ocrx_word' id='word_1_42' title='bbox 407 690 443 730; x_wconf 84' lang='lat' dir='ltr'><strong>ex</strong></span> <span class='ocrx_word' id='word_1_43' title='bbox 462 689 538 749; x_wconf 89' lang='lat' dir='ltr'><strong>aqua</strong></span> <span class='ocrx_word' id='word_1_44' title='bbox 557 670 632 732; x_wconf 89' lang='lat' dir='ltr'><strong>salsa</strong></span> <span class='ocrx_word' id='word_1_45' title='bbox 650 672 799 750; x_wconf 82' lang='lat' dir='ltr'><strong>decoquas</strong></span> <span class='ocrx_word' id='word_1_46' title='bbox 819 680 849 732; x_wconf 92' lang='lat' dir='ltr'><strong>et</strong></span> <span class='ocrx_word' id='word_1_47' title='bbox 868 690 1063 752; x_wconf 82' lang='lat' dir='ltr'><strong>superpones</strong></span> <span class='ocrx_word' id='word_1_48' title='bbox 1081 692 1159 755; x_wconf 79' lang='lat' dir='ltr'><strong>per-a</strong></span> 
     </span>
     <span class='ocr_line' id='line_1_7' title="bbox 126 759 1141 842; baseline 0.004 -21"><span class='ocrx_word' id='word_1_49' title='bbox 126 759 265 821; x_wconf 93' lang='lat' dir='ltr'><strong>nionibus</strong></span> <span class='ocrx_word' id='word_1_50' title='bbox 294 762 352 819; x_wconf 92' lang='lat' dir='ltr'><strong>iam</strong></span> <span class='ocrx_word' id='word_1_51' title='bbox 381 759 620 839; x_wconf 83' lang='lat' dir='ltr'><strong>erumpentibus,</strong></span> <span class='ocrx_word' id='word_1_52' title='bbox 649 759 803 821; x_wconf 87' lang='lat' dir='ltr'><strong>medellam</strong></span> <span class='ocrx_word' id='word_1_53' title='bbox 833 760 936 822; x_wconf 90' lang='lat' dir='ltr'><strong>utilem</strong></span> <span class='ocrx_word' id='word_1_54' title='bbox 965 766 1141 842; x_wconf 87' lang='lat' dir='ltr'><strong>experieris.</strong></span> 
     </span>
    </p>

    <p class='ocr_par' dir='ltr' id='par_1_5' title="bbox 72 846 1167 1369">
     <span class='ocr_line' id='line_1_8' title="bbox 72 846 1141 929; baseline 0.007 -23"><span class='ocrx_word' id='word_1_55' title='bbox 72 857 106 906; x_wconf 81' lang='lat'><strong>85</strong></span> <span class='ocrx_word' id='word_1_56' title='bbox 126 849 248 926; x_wconf 89' lang='lat' dir='ltr'><strong>Spinam</strong></span> <span class='ocrx_word' id='word_1_57' title='bbox 276 865 312 907; x_wconf 85' lang='lat' dir='ltr'><strong>ex</strong></span> <span class='ocrx_word' id='word_1_58' title='bbox 339 847 415 925; x_wconf 90' lang='lat' dir='ltr'><strong>pede</strong></span> <span class='ocrx_word' id='word_1_59' title='bbox 438 846 484 907; x_wconf 88' lang='lat' dir='ltr'><strong>vel</strong></span> <span class='ocrx_word' id='word_1_60' title='bbox 508 866 694 926; x_wconf 89' lang='lat' dir='ltr'><strong>quacumque</strong></span> <span class='ocrx_word' id='word_1_61' title='bbox 718 850 853 928; x_wconf 89' lang='lat' dir='ltr'><strong>corporis</strong></span> <span class='ocrx_word' id='word_1_62' title='bbox 877 857 978 929; x_wconf 85' lang='lat' dir='ltr'><strong>parte,</strong></span> <span class='ocrx_word' id='word_1_63' title='bbox 1005 854 1033 912; x_wconf 91' lang='lat' dir='ltr'><strong>si</strong></span> <span class='ocrx_word' id='word_1_64' title='bbox 1057 853 1141 913; x_wconf 81' lang='lat' dir='ltr'><strong>altius</strong></span> 
     </span>
     <span class='ocr_line' id='line_1_9' title="bbox 124 935 1140 1018; baseline 0.006 -24"><span class='ocrx_word' id='word_1_65' title='bbox 124 935 227 995; x_wconf 86' lang='lat' dir='ltr'><strong>adacta</strong></span> <span class='ocrx_word' id='word_1_66' title='bbox 255 935 358 1015; x_wconf 88' lang='lat' dir='ltr'><strong>luerit,</strong></span> <span class='ocrx_word' id='word_1_67' title='bbox 387 937 451 995; x_wconf 93' lang='lat' dir='ltr'><strong>sine</strong></span> <span class='ocrx_word' id='word_1_68' title='bbox 479 935 581 996; x_wconf 90' lang='lat' dir='ltr'><strong>dolore</strong></span> <span class='ocrx_word' id='word_1_69' title='bbox 609 936 760 1018; x_wconf 76' lang='lat' dir='ltr'><strong>extrahes,</strong></span> <span class='ocrx_word' id='word_1_70' title='bbox 790 955 858 997; x_wconf 91' lang='lat' dir='ltr'><strong>cum</strong></span> <span class='ocrx_word' id='word_1_71' title='bbox 881 938 1045 999; x_wconf 78' lang='lat' dir='ltr'><strong>arundinis</strong></span> <span class='ocrx_word' id='word_1_72' title='bbox 1069 941 1140 1001; x_wconf 92' lang='lat' dir='ltr'><strong>radi-</strong></span> 
     </span>
     <span class='ocr_line' id='line_1_10' title="bbox 125 1023 1140 1102; baseline 0.004 -19"><span class='ocrx_word' id='word_1_73' title='bbox 125 1042 190 1083; x_wconf 91' lang='lat' dir='ltr'><strong>cem</strong></span> <span class='ocrx_word' id='word_1_74' title='bbox 217 1023 391 1102; x_wconf 91' lang='lat' dir='ltr'><strong>adposueris</strong></span> <span class='ocrx_word' id='word_1_75' title='bbox 418 1026 449 1084; x_wconf 92' lang='lat' dir='ltr'><strong>iu</strong></span> <span class='ocrx_word' id='word_1_76' title='bbox 477 1026 618 1085; x_wconf 92' lang='lat' dir='ltr'><strong>mortario</strong></span> <span class='ocrx_word' id='word_1_77' title='bbox 646 1024 759 1102; x_wconf 93' lang='lat' dir='ltr'><strong>lapideo</strong></span> <span class='ocrx_word' id='word_1_78' title='bbox 790 1032 945 1086; x_wconf 88' lang='lat' dir='ltr'><strong>contusam</strong></span> <span class='ocrx_word' id='word_1_79' title='bbox 968 1035 1002 1086; x_wconf 91' lang='lat' dir='ltr'><strong>et</strong></span> <span class='ocrx_word' id='word_1_80' title='bbox 1028 1029 1140 1090; x_wconf 91' lang='lat' dir='ltr'><strong>adiecto</strong></span> 
     </span>
     <span class='ocr_line' id='line_1_11' title="bbox 123 1111 1167 1197; baseline 0.004 -25"><span class='ocrx_word' id='word_1_81' title='bbox 123 1111 210 1172; x_wconf 91' lang='lat' dir='ltr'><strong>melle</strong></span> <span class='ocrx_word' id='word_1_82' title='bbox 234 1111 399 1192; x_wconf 89' lang='lat' dir='ltr'><strong>subactam,</strong></span> <span class='ocrx_word' id='word_1_83' title='bbox 426 1112 520 1172; x_wconf 93' lang='lat' dir='ltr'><strong>donec</strong></span> <span class='ocrx_word' id='word_1_84' title='bbox 544 1113 580 1172; x_wconf 92' lang='lat' dir='ltr'><strong>ad</strong></span> <span class='ocrx_word' id='word_1_85' title='bbox 603 1112 832 1173; x_wconf 90' lang='lat' dir='ltr'><strong>crassitudinem</strong></span> <span class='ocrx_word' id='word_1_86' title='bbox 855 1115 951 1173; x_wconf 90' lang='lat' dir='ltr'><strong>ceroti</strong></span> <span class='ocrx_word' id='word_1_87' title='bbox 973 1116 1138 1197; x_wconf 83' lang='lat' dir='ltr'><strong>redigatur,</strong></span> <span class='ocrx_word' id='word_1_88' title='bbox 1149 1131 1167 1170; x_wconf 84' lang='grc'><strong>8</strong></span> 
     </span>
     <span class='ocr_line' id='line_1_12' title="bbox 124 1201 1139 1285; baseline 0.003 -24"><span class='ocrx_word' id='word_1_89' title='bbox 124 1209 154 1261; x_wconf 91' lang='lat' dir='ltr'><strong>ct</strong></span> <span class='ocrx_word' id='word_1_90' title='bbox 176 1201 267 1262; x_wconf 92' lang='lat' dir='ltr'><strong>linteo</strong></span> <span class='ocrx_word' id='word_1_91' title='bbox 292 1202 388 1279; x_wconf 91' lang='lat' dir='ltr'><strong>spisso</strong></span> <span class='ocrx_word' id='word_1_92' title='bbox 411 1201 495 1261; x_wconf 91' lang='lat' dir='ltr'><strong>inlita</strong></span> <span class='ocrx_word' id='word_1_93' title='bbox 519 1201 692 1280; x_wconf 92' lang='lat' dir='ltr'><strong>adponatur,</strong></span> <span class='ocrx_word' id='word_1_94' title='bbox 715 1203 746 1260; x_wconf 93' lang='lat' dir='ltr'><strong>in</strong></span> <span class='ocrx_word' id='word_1_95' title='bbox 771 1219 830 1279; x_wconf 88' lang='lat' dir='ltr'><strong>quo</strong></span> <span class='ocrx_word' id='word_1_96' title='bbox 854 1201 1034 1280; x_wconf 86' lang='lat' dir='ltr'><strong>frequenter</strong></span> <span class='ocrx_word' id='word_1_97' title='bbox 1059 1207 1139 1285; x_wconf 90' lang='lat' dir='ltr'><strong>spina</strong></span> 
     </span>
     <span class='ocr_line' id='line_1_13' title="bbox 123 1291 486 1369; baseline 0 -21"><span class='ocrx_word' id='word_1_98' title='bbox 123 1292 187 1369; x_wconf 92' lang='lat' dir='ltr'><strong>ipsa</strong></span> <span class='ocrx_word' id='word_1_99' title='bbox 210 1292 305 1350; x_wconf 89' lang='lat' dir='ltr'><strong>eiecta</strong></span> <span class='ocrx_word' id='word_1_100' title='bbox 327 1291 486 1349; x_wconf 89' lang='lat' dir='ltr'><strong>invenitur.</strong></span> 
     </span>
    </p>

    <p class='ocr_par' dir='ltr' id='par_1_6' title="bbox 68 1376 1169 1985">
     <span class='ocr_line' id='line_1_14' title="bbox 70 1376 1140 1457; baseline 0.006 -23"><span class='ocrx_word' id='word_1_101' title='bbox 70 1385 103 1435; x_wconf 88' lang='grc'><strong>88</strong></span> <span class='ocrx_word' id='word_1_102' title='bbox 212 1377 395 1438; x_wconf 88' lang='lat' dir='ltr'><strong>Marrubium</strong></span> <span class='ocrx_word' id='word_1_103' title='bbox 419 1378 581 1436; x_wconf 86' lang='lat' dir='ltr'><strong>contritum</strong></span> <span class='ocrx_word' id='word_1_104' title='bbox 605 1376 734 1436; x_wconf 82' lang='lat' dir='ltr'><strong>admixto</strong></span> <span class='ocrx_word' id='word_1_105' title='bbox 756 1377 816 1437; x_wconf 93' lang='lat' dir='ltr'><strong>sale</strong></span> <span class='ocrx_word' id='word_1_106' title='bbox 835 1377 953 1437; x_wconf 93' lang='lat' dir='ltr'><strong>modico</strong></span> <span class='ocrx_word' id='word_1_107' title='bbox 973 1379 1140 1457; x_wconf 89' lang='lat' dir='ltr'><strong>inpositum</strong></span> 
     </span>
     <span class='ocr_line' id='line_1_15' title="bbox 123 1464 1140 1547; baseline 0.005 -23"><span class='ocrx_word' id='word_1_108' title='bbox 123 1483 215 1544; x_wconf 87' lang='lat' dir='ltr'><strong>aeque</strong></span> <span class='ocrx_word' id='word_1_109' title='bbox 243 1465 389 1543; x_wconf 88' lang='lat' dir='ltr'><strong>prolicere</strong></span> <span class='ocrx_word' id='word_1_110' title='bbox 418 1471 534 1524; x_wconf 89' lang='lat' dir='ltr'><strong>constat</strong></span> <span class='ocrx_word' id='word_1_111' title='bbox 561 1464 597 1524; x_wconf 92' lang='lat' dir='ltr'><strong>ad</strong></span> <span class='ocrx_word' id='word_1_112' title='bbox 626 1464 806 1525; x_wconf 84' lang='lat' dir='ltr'><strong>extrahenda</strong></span> <span class='ocrx_word' id='word_1_113' title='bbox 834 1483 880 1545; x_wconf 90' lang='lat' dir='ltr'><strong>ea,</strong></span> <span class='ocrx_word' id='word_1_114' title='bbox 909 1483 985 1544; x_wconf 89' lang='lat' dir='ltr'><strong>quae</strong></span> <span class='ocrx_word' id='word_1_115' title='bbox 1020 1470 1140 1547; x_wconf 85' lang='lat' dir='ltr'><strong>corpori</strong></span> 
     </span>
     <span class='ocr_line' id='line_1_16' title="bbox 69 1551 1169 1617; baseline 0.002 -7"><span class='ocrx_word' id='word_1_116' title='bbox 69 1561 102 1611; x_wconf 76' lang='lat'><strong>87</strong></span> <span class='ocrx_word' id='word_1_117' title='bbox 122 1553 313 1614; x_wconf 88' lang='lat' dir='ltr'><strong>inhaeserint.</strong></span> <span class='ocrx_word' id='word_1_118' title='bbox 343 1551 472 1612; x_wconf 88' lang='lat' dir='ltr'><strong>Herham</strong></span> <span class='ocrx_word' id='word_1_119' title='bbox 491 1554 618 1612; x_wconf 89' lang='lat' dir='ltr'><strong>urticam</strong></span> <span class='ocrx_word' id='word_1_120' title='bbox 637 1555 698 1612; x_wconf 85' lang='lat' dir='ltr'><strong>sire</strong></span> <span class='ocrx_word' id='word_1_121' title='bbox 717 1553 840 1613; x_wconf 85' lang='lat' dir='ltr'><strong>viridem</strong></span> <span class='ocrx_word' id='word_1_122' title='bbox 860 1555 922 1614; x_wconf 91' lang='lat' dir='ltr'><strong>sive</strong></span> <span class='ocrx_word' id='word_1_123' title='bbox 941 1555 1058 1616; x_wconf 92' lang='lat' dir='ltr'><strong>siccam</strong></span> <span class='ocrx_word' id='word_1_124' title='bbox 1073 1570 1169 1617; x_wconf 80' lang='lat' dir='ltr'><strong>con-u</strong></span> 
     </span>
     <span class='ocr_line' id='line_1_17' title="bbox 122 1639 1139 1722; baseline 0.003 -20"><span class='ocrx_word' id='word_1_125' title='bbox 122 1645 222 1702; x_wconf 80' lang='lat' dir='ltr'><strong>tritam</strong></span> <span class='ocrx_word' id='word_1_126' title='bbox 253 1641 368 1701; x_wconf 90' lang='lat' dir='ltr'><strong>adiecto</strong></span> <span class='ocrx_word' id='word_1_127' title='bbox 396 1639 529 1718; x_wconf 90' lang='lat' dir='ltr'><strong>quolibet</strong></span> <span class='ocrx_word' id='word_1_128' title='bbox 557 1640 679 1718; x_wconf 79' lang='lat' dir='ltr'><strong>coagulo</strong></span> <span class='ocrx_word' id='word_1_129' title='bbox 708 1641 851 1722; x_wconf 83' lang='lat' dir='ltr'><strong>adpones,</strong></span> <span class='ocrx_word' id='word_1_130' title='bbox 883 1641 1009 1702; x_wconf 88' lang='lat' dir='ltr'><strong>cuilibet</strong></span> <span class='ocrx_word' id='word_1_131' title='bbox 1039 1645 1139 1704; x_wconf 92' lang='lat' dir='ltr'><strong>inhae-</strong></span> 
     </span>
     <span class='ocr_line' id='line_1_18' title="bbox 68 1727 1138 1811; baseline 0.006 -24"><span class='ocrx_word' id='word_1_132' title='bbox 68 1737 103 1787; x_wconf 92' lang='grc'><strong>88</strong></span> <span class='ocrx_word' id='word_1_133' title='bbox 122 1732 208 1811; x_wconf 71' lang='lat' dir='ltr'><strong>serit,</strong></span> <span class='ocrx_word' id='word_1_134' title='bbox 237 1730 392 1790; x_wconf 80' lang='lat' dir='ltr'><strong>confestim</strong></span> <span class='ocrx_word' id='word_1_135' title='bbox 421 1727 576 1788; x_wconf 88' lang='lat' dir='ltr'><strong>miraberis</strong></span> <span class='ocrx_word' id='word_1_136' title='bbox 605 1728 787 1789; x_wconf 88' lang='lat' dir='ltr'><strong>celeritatem</strong></span> <span class='ocrx_word' id='word_1_137' title='bbox 815 1729 966 1790; x_wconf 92' lang='lat' dir='ltr'><strong>medellae.</strong></span> <span class='ocrx_word' id='word_1_138' title='bbox 1013 1731 1138 1793; x_wconf 91' lang='lat' dir='ltr'><strong>Stercus</strong></span> 
     </span>
     <span class='ocr_line' id='line_1_19' title="bbox 122 1816 1138 1900; baseline 0.004 -23"><span class='ocrx_word' id='word_1_139' title='bbox 122 1836 288 1896; x_wconf 83' lang='lat' dir='ltr'><strong>aprugnum</strong></span> <span class='ocrx_word' id='word_1_140' title='bbox 313 1837 349 1878; x_wconf 83' lang='lat' dir='ltr'><strong>ex</strong></span> <span class='ocrx_word' id='word_1_141' title='bbox 372 1818 439 1876; x_wconf 91' lang='lat' dir='ltr'><strong>vino</strong></span> <span class='ocrx_word' id='word_1_142' title='bbox 463 1816 619 1877; x_wconf 89' lang='lat' dir='ltr'><strong>subactum</strong></span> <span class='ocrx_word' id='word_1_143' title='bbox 641 1824 671 1876; x_wconf 93' lang='grc'><strong>88</strong></span> <span class='ocrx_word' id='word_1_144' title='bbox 689 1817 842 1895; x_wconf 87' lang='lat' dir='ltr'><strong>emplastri</strong></span> <span class='ocrx_word' id='word_1_145' title='bbox 859 1836 942 1878; x_wconf 94' lang='lat' dir='ltr'><strong>more</strong></span> <span class='ocrx_word' id='word_1_146' title='bbox 961 1820 1138 1900; x_wconf 91' lang='lat' dir='ltr'><strong>inpositum,</strong></span> 
     </span>
     <span class='ocr_line' id='line_1_20' title="bbox 123 1905 1087 1985; baseline 0.003 -19"><span class='ocrx_word' id='word_1_147' title='bbox 123 1905 264 1985; x_wconf 88' lang='lat' dir='ltr'><strong>quicquid</strong></span> <span class='ocrx_word' id='word_1_148' title='bbox 288 1906 450 1966; x_wconf 87' lang='lat' dir='ltr'><strong>inhaeserit</strong></span> <span class='ocrx_word' id='word_1_149' title='bbox 473 1907 600 1984; x_wconf 88' lang='lat' dir='ltr'><strong>corpori,</strong></span> <span class='ocrx_word' id='word_1_150' title='bbox 624 1905 761 1965; x_wconf 91' lang='lat' dir='ltr'><strong>celeriter</strong></span> <span class='ocrx_word' id='word_1_151' title='bbox 784 1905 913 1966; x_wconf 85' lang='lat' dir='ltr'><strong>extrahit</strong></span> <span class='ocrx_word' id='word_1_152' title='bbox 935 1913 967 1966; x_wconf 92' lang='lat' dir='ltr'><strong>et</strong></span> <span class='ocrx_word' id='word_1_153' title='bbox 990 1917 1087 1969; x_wconf 89' lang='lat' dir='ltr'><strong>sanat.</strong></span> 
     </span>
    </p>

    <p class='ocr_par' dir='ltr' id='par_1_7' title="bbox 68 1993 1168 2233">
     <span class='ocr_line' id='line_1_21' title="bbox 68 1993 1168 2073; baseline 0 -23"><span class='ocrx_word' id='word_1_154' title='bbox 68 2002 102 2051; x_wconf 87' lang='lat'><strong>89</strong></span> <span class='ocrx_word' id='word_1_155' title='bbox 210 1994 322 2073; x_wconf 79' lang='lat' dir='ltr'><strong>Butyro</strong></span> <span class='ocrx_word' id='word_1_156' title='bbox 346 2001 376 2054; x_wconf 90' lang='lat' dir='ltr'><strong>et</strong></span> <span class='ocrx_word' id='word_1_157' title='bbox 399 1993 527 2054; x_wconf 92' lang='lat' dir='ltr'><strong>medulla</strong></span> <span class='ocrx_word' id='word_1_158' title='bbox 550 1994 668 2053; x_wconf 89' lang='lat' dir='ltr'><strong>cervina</strong></span> <span class='ocrx_word' id='word_1_159' title='bbox 691 2002 721 2052; x_wconf 92' lang='lat' dir='ltr'><strong>et</strong></span> <span class='ocrx_word' id='word_1_160' title='bbox 744 1993 811 2054; x_wconf 84' lang='lat' dir='ltr'><strong>selle</strong></span> <span class='ocrx_word' id='word_1_161' title='bbox 834 1996 952 2054; x_wconf 86' lang='lat' dir='ltr'><strong>taurino</strong></span> <span class='ocrx_word' id='word_1_162' title='bbox 977 2013 1050 2055; x_wconf 93' lang='lat' dir='ltr'><strong>cum</strong></span> <span class='ocrx_word' id='word_1_163' title='bbox 1073 1996 1168 2057; x_wconf 74' lang='lat' dir='ltr'><strong>oleoso</strong></span> 
     </span>
     <span class='ocr_line' id='line_1_22' title="bbox 68 2081 1136 2162; baseline 0.004 -22"><span class='ocrx_word' id='word_1_164' title='bbox 68 2091 102 2140; x_wconf 87' lang='grc'><strong>80</strong></span> <span class='ocrx_word' id='word_1_165' title='bbox 122 2085 245 2162; x_wconf 77' lang='lat' dir='ltr'><strong>cyprino</strong></span> <span class='ocrx_word' id='word_1_166' title='bbox 265 2090 316 2143; x_wconf 90' lang='lat' dir='ltr'><strong>aut</strong></span> <span class='ocrx_word' id='word_1_167' title='bbox 334 2082 449 2142; x_wconf 91' lang='lat' dir='ltr'><strong>laurino</strong></span> <span class='ocrx_word' id='word_1_168' title='bbox 468 2082 608 2160; x_wconf 78' lang='lat' dir='ltr'><strong>perfricta</strong></span> <span class='ocrx_word' id='word_1_169' title='bbox 628 2099 723 2159; x_wconf 84' lang='lat' dir='ltr'><strong>genua</strong></span> <span class='ocrx_word' id='word_1_170' title='bbox 743 2090 891 2143; x_wconf 90' lang='lat' dir='ltr'><strong>sanantur.</strong></span> <span class='ocrx_word' id='word_1_171' title='bbox 927 2081 1073 2144; x_wconf 82' lang='lat' dir='ltr'><strong>Telorum</strong></span> <span class='ocrx_word' id='word_1_172' title='bbox 1092 2092 1136 2144; x_wconf 93' lang='lat' dir='ltr'><strong>tu·</strong></span> 
     </span>
     <span class='ocr_line' id='line_1_23' title="bbox 122 2169 1136 2233; baseline 0.003 -3"><span class='ocrx_word' id='word_1_173' title='bbox 122 2171 256 2231; x_wconf 92' lang='lat' dir='ltr'><strong>moribus</strong></span> <span class='ocrx_word' id='word_1_174' title='bbox 280 2179 310 2230; x_wconf 94' lang='grc'><strong>88</strong></span> <span class='ocrx_word' id='word_1_175' title='bbox 333 2169 485 2230; x_wconf 93' lang='lat' dir='ltr'><strong>doloribus</strong></span> <span class='ocrx_word' id='word_1_176' title='bbox 507 2169 662 2230; x_wconf 88' lang='lat' dir='ltr'><strong>musculus</strong></span> <span class='ocrx_word' id='word_1_177' title='bbox 686 2171 817 2232; x_wconf 90' lang='lat' dir='ltr'><strong>marinus</strong></span> <span class='ocrx_word' id='word_1_178' title='bbox 835 2172 924 2231; x_wconf 90' lang='lat' dir='ltr'><strong>tritus</strong></span> <span class='ocrx_word' id='word_1_179' title='bbox 944 2188 981 2230; x_wconf 86' lang='lat' dir='ltr'><strong>ex</strong></span> <span class='ocrx_word' id='word_1_180' title='bbox 1000 2171 1069 2233; x_wconf 91' lang='lat' dir='ltr'><strong>oleo</strong></span> <span class='ocrx_word' id='word_1_181' title='bbox 1089 2191 1136 2232; x_wconf 89' lang='lat' dir='ltr'><strong>ve·</strong></span> 
     </span>
    </p>

    <p class='ocr_par' dir='ltr' id='par_1_8' title="bbox 121 2257 525 2335">
     <span class='ocr_line' id='line_1_24' title="bbox 121 2257 525 2335; baseline -0.005 -17"><span class='ocrx_word' id='word_1_182' title='bbox 121 2269 186 2318; x_wconf 89' lang='lat' dir='ltr'><strong>tere</strong></span> <span class='ocrx_word' id='word_1_183' title='bbox 208 2260 357 2335; x_wconf 91' lang='lat' dir='ltr'><strong>inpositus</strong></span> <span class='ocrx_word' id='word_1_184' title='bbox 380 2257 525 2317; x_wconf 89' lang='lat' dir='ltr'><strong>medetur.</strong></span> 
     </span>
    </p>

    <p class='ocr_par' dir='ltr' id='par_1_9' title="bbox 67 2344 1167 2596">
     <span class='ocr_line' id='line_1_25' title="bbox 67 2344 1134 2423; baseline 0.007 -21"><span class='ocrx_word' id='word_1_185' title='bbox 67 2355 101 2403; x_wconf 89' lang='grc'><strong>81</strong></span> <span class='ocrx_word' id='word_1_186' title='bbox 210 2345 387 2405; x_wconf 90' lang='lat' dir='ltr'><strong>Malandriae</strong></span> <span class='ocrx_word' id='word_1_187' title='bbox 416 2353 446 2403; x_wconf 90' lang='lat' dir='ltr'><strong>et</strong></span> <span class='ocrx_word' id='word_1_188' title='bbox 468 2345 578 2421; x_wconf 82' lang='lat' dir='ltr'><strong>frigore</strong></span> <span class='ocrx_word' id='word_1_189' title='bbox 602 2344 715 2404; x_wconf 88' lang='lat' dir='ltr'><strong>adustis</strong></span> <span class='ocrx_word' id='word_1_190' title='bbox 738 2345 864 2423; x_wconf 92' lang='lat' dir='ltr'><strong>pedihus</strong></span> <span class='ocrx_word' id='word_1_191' title='bbox 886 2344 1010 2423; x_wconf 92' lang='lat' dir='ltr'><strong>prodest</strong></span> <span class='ocrx_word' id='word_1_192' title='bbox 1035 2350 1134 2408; x_wconf 94' lang='lat' dir='ltr'><strong>cuius-</strong></span> 
     </span>
     <span class='ocr_line' id='line_1_26' title="bbox 120 2430 1167 2509; baseline 0.003 -20"><span class='ocrx_word' id='word_1_193' title='bbox 120 2431 193 2490; x_wconf 92' lang='lat' dir='ltr'><strong>libet</strong></span> <span class='ocrx_word' id='word_1_194' title='bbox 216 2431 338 2509; x_wconf 89' lang='lat' dir='ltr'><strong>pecudis</strong></span> <span class='ocrx_word' id='word_1_195' title='bbox 362 2449 464 2490; x_wconf 89' lang='lat' dir='ltr'><strong>sevum</strong></span> <span class='ocrx_word' id='word_1_196' title='bbox 488 2449 556 2490; x_wconf 88' lang='lat' dir='ltr'><strong>cum</strong></span> <span class='ocrx_word' id='word_1_197' title='bbox 580 2430 708 2492; x_wconf 92' lang='lat' dir='ltr'><strong>alumine</strong></span> <span class='ocrx_word' id='word_1_198' title='bbox 732 2436 835 2494; x_wconf 89' lang='lat' dir='ltr'><strong>tritum</strong></span> <span class='ocrx_word' id='word_1_199' title='bbox 859 2433 905 2492; x_wconf 91' lang='lat' dir='ltr'><strong>vel</strong></span> <span class='ocrx_word' id='word_1_200' title='bbox 926 2443 1087 2496; x_wconf 82' lang='lat' dir='ltr'><strong>excoctum</strong></span> <span class='ocrx_word' id='word_1_201' title='bbox 1106 2444 1167 2496; x_wconf 81' lang='grc'><strong>8888</strong></span> 
     </span>
     <span class='ocr_line' id='line_1_27' title="bbox 121 2517 520 2596; baseline -0.003 -19"><span class='ocrx_word' id='word_1_202' title='bbox 121 2519 216 2578; x_wconf 89' lang='lat' dir='ltr'><strong>ceroti</strong></span> <span class='ocrx_word' id='word_1_203' title='bbox 239 2517 326 2576; x_wconf 92' lang='lat' dir='ltr'><strong>modo</strong></span> <span class='ocrx_word' id='word_1_204' title='bbox 349 2519 520 2596; x_wconf 90' lang='lat' dir='ltr'><strong>inpositum.</strong></span> 
     </span>
    </p>

    <p class='ocr_par' dir='ltr' id='par_1_10' title="bbox 67 2605 1133 2774">
     <span class='ocr_line' id='line_1_28' title="bbox 67 2605 1133 2674; baseline 0.007 -10"><span class='ocrx_word' id='word_1_205' title='bbox 67 2615 101 2665; x_wconf 80' lang='grc'><strong>88</strong></span> <span class='ocrx_word' id='word_1_206' title='bbox 209 2605 321 2666; x_wconf 81' lang='lat' dir='ltr'><strong>Attritu</strong></span> <span class='ocrx_word' id='word_1_207' title='bbox 345 2605 605 2666; x_wconf 88' lang='lat' dir='ltr'><strong>calciamentorum</strong></span> <span class='ocrx_word' id='word_1_208' title='bbox 628 2606 721 2667; x_wconf 88' lang='lat' dir='ltr'><strong>factos</strong></span> <span class='ocrx_word' id='word_1_209' title='bbox 746 2609 842 2669; x_wconf 89' lang='lat' dir='ltr'><strong>clavos</strong></span> <span class='ocrx_word' id='word_1_210' title='bbox 866 2608 1004 2670; x_wconf 88' lang='lat' dir='ltr'><strong>emendat</strong></span> <span class='ocrx_word' id='word_1_211' title='bbox 1023 2613 1133 2674; x_wconf 90' lang='lat' dir='ltr'><strong>veteris</strong></span> 
     </span>
     <span class='ocr_line' id='line_1_29' title="bbox 121 2694 819 2774; baseline 0.001 -19"><span class='ocrx_word' id='word_1_212' title='bbox 121 2695 218 2756; x_wconf 92' lang='lat' dir='ltr'><strong>soleae</strong></span> <span class='ocrx_word' id='word_1_213' title='bbox 242 2701 362 2755; x_wconf 82' lang='lat' dir='ltr'><strong>exustae</strong></span> <span class='ocrx_word' id='word_1_214' title='bbox 386 2695 461 2754; x_wconf 93' lang='lat' dir='ltr'><strong>cinis</strong></span> <span class='ocrx_word' id='word_1_215' title='bbox 484 2712 552 2754; x_wconf 92' lang='lat' dir='ltr'><strong>cum</strong></span> <span class='ocrx_word' id='word_1_216' title='bbox 576 2694 640 2755; x_wconf 93' lang='lat' dir='ltr'><strong>oleo</strong></span> <span class='ocrx_word' id='word_1_217' title='bbox 664 2697 819 2774; x_wconf 92' lang='lat' dir='ltr'><strong>inpositus.</strong></span> 
     </span>
    </p>

    <p class='ocr_par' dir='ltr' id='par_1_11' title="bbox 67 2783 1166 2935">
     <span class='ocr_line' id='line_1_30' title="bbox 67 2783 1132 2868; baseline 0.005 -24"><span class='ocrx_word' id='word_1_218' title='bbox 67 2793 101 2844; x_wconf 87' lang='grc'><strong>88</strong></span> <span class='ocrx_word' id='word_1_219' title='bbox 209 2783 365 2845; x_wconf 90' lang='lat' dir='ltr'><strong>Ulceribus</strong></span> <span class='ocrx_word' id='word_1_220' title='bbox 396 2783 534 2844; x_wconf 89' lang='lat' dir='ltr'><strong>omnihus</strong></span> <span class='ocrx_word' id='word_1_221' title='bbox 567 2784 675 2862; x_wconf 93' lang='lat' dir='ltr'><strong>pedum</strong></span> <span class='ocrx_word' id='word_1_222' title='bbox 708 2787 739 2844; x_wconf 93' lang='lat' dir='ltr'><strong>in</strong></span> <span class='ocrx_word' id='word_1_223' title='bbox 770 2784 901 2864; x_wconf 91' lang='lat' dir='ltr'><strong>qualibet</strong></span> <span class='ocrx_word' id='word_1_224' title='bbox 928 2794 1014 2862; x_wconf 91' lang='lat' dir='ltr'><strong>parte</strong></span> <span class='ocrx_word' id='word_1_225' title='bbox 1043 2788 1132 2868; x_wconf 90' lang='lat' dir='ltr'><strong>adeps</strong></span> 
     </span>
     <span class='ocr_line' id='line_1_31' title="bbox 121 2872 1166 2935; baseline -0.005 0"><span class='ocrx_word' id='word_1_226' title='bbox 121 2875 223 2935; x_wconf 90' lang='lat' dir='ltr'><strong>ursina</strong></span> <span class='ocrx_word' id='word_1_227' title='bbox 247 2872 345 2933; x_wconf 91' lang='lat' dir='ltr'><strong>addito</strong></span> <span class='ocrx_word' id='word_1_228' title='bbox 369 2873 498 2933; x_wconf 92' lang='lat' dir='ltr'><strong>alumine</strong></span> <span class='ocrx_word' id='word_1_229' title='bbox 521 2872 666 2934; x_wconf 89' lang='lat' dir='ltr'><strong>medetur.</strong></span> <span class='ocrx_word' id='word_1_230' title='bbox 1141 2889 1166 2932; x_wconf 82' lang='grc'><strong>88</strong></span> 
     </span>
    </p>

    <p class='ocr_par' dir='ltr' id='par_1_12' title="bbox 68 2958 1148 3215">
     <span class='ocr_line' id='line_1_32' title="bbox 68 2958 1133 3045; baseline 0.008 -28"><span class='ocrx_word' id='word_1_231' title='bbox 68 2969 102 3018; x_wconf 84' lang='grc'><strong>84</strong></span> <span class='ocrx_word' id='word_1_232' title='bbox 211 2961 255 3043; x_wconf 88' lang='lat' dir='ltr'><strong>Ei,</strong></span> <span class='ocrx_word' id='word_1_233' title='bbox 279 2963 331 3040; x_wconf 90' lang='lat' dir='ltr'><strong>qui</strong></span> <span class='ocrx_word' id='word_1_234' title='bbox 349 2963 461 3039; x_wconf 89' lang='lat' dir='ltr'><strong>patitur</strong></span> <span class='ocrx_word' id='word_1_235' title='bbox 483 2963 604 3041; x_wconf 91' lang='lat' dir='ltr'><strong>varices,</strong></span> <span class='ocrx_word' id='word_1_236' title='bbox 624 2962 684 3020; x_wconf 89' lang='lat' dir='ltr'><strong>sevi</strong></span> <span class='ocrx_word' id='word_1_237' title='bbox 703 2960 811 3020; x_wconf 92' lang='lat' dir='ltr'><strong>hircini</strong></span> <span class='ocrx_word' id='word_1_238' title='bbox 830 2959 968 3020; x_wconf 91' lang='lat' dir='ltr'><strong>selibram</strong></span> <span class='ocrx_word' id='word_1_239' title='bbox 989 2971 1020 3023; x_wconf 89' lang='lat' dir='ltr'><strong>et</strong></span> <span class='ocrx_word' id='word_1_240' title='bbox 1038 2958 1133 3045; x_wconf 85' lang='lat' dir='ltr'><strong>adipis</strong></span> 
     </span>
     <span class='ocr_line' id='line_1_33' title="bbox 121 3044 1148 3128; baseline 0.004 -19"><span class='ocrx_word' id='word_1_241' title='bbox 121 3050 158 3110; x_wconf 93' lang='lat' dir='ltr'><strong>de</strong></span> <span class='ocrx_word' id='word_1_242' title='bbox 186 3067 297 3128; x_wconf 91' lang='lat' dir='ltr'><strong>capone</strong></span> <span class='ocrx_word' id='word_1_243' title='bbox 324 3048 430 3108; x_wconf 92' lang='lat' dir='ltr'><strong>libram</strong></span> <span class='ocrx_word' id='word_1_244' title='bbox 458 3048 547 3107; x_wconf 90' lang='lat' dir='ltr'><strong>simul</strong></span> <span class='ocrx_word' id='word_1_245' title='bbox 574 3051 721 3127; x_wconf 91' lang='lat' dir='ltr'><strong>permisce</strong></span> <span class='ocrx_word' id='word_1_246' title='bbox 749 3055 778 3108; x_wconf 93' lang='lat' dir='ltr'><strong>et</strong></span> <span class='ocrx_word' id='word_1_247' title='bbox 806 3049 837 3107; x_wconf 90' lang='lat' dir='ltr'><strong>in</strong></span> <span class='ocrx_word' id='word_1_248' title='bbox 864 3047 955 3108; x_wconf 89' lang='lat' dir='ltr'><strong>linteo</strong></span> <span class='ocrx_word' id='word_1_249' title='bbox 984 3049 1032 3110; x_wconf 94' lang='lat' dir='ltr'><strong>die</strong></span> <span class='ocrx_word' id='word_1_250' title='bbox 1057 3044 1148 3113; x_wconf 66' lang='lat' dir='ltr'><strong>loris&#39;</strong></span> 
     </span>
     <span class='ocr_line' id='line_1_34' title="bbox 122 3135 817 3215; baseline -0.001 -18"><span class='ocrx_word' id='word_1_251' title='bbox 122 3138 217 3198; x_wconf 91' lang='lat' dir='ltr'><strong>ceroti</strong></span> <span class='ocrx_word' id='word_1_252' title='bbox 240 3155 321 3196; x_wconf 92' lang='lat' dir='ltr'><strong>more</strong></span> <span class='ocrx_word' id='word_1_253' title='bbox 345 3137 468 3215; x_wconf 91' lang='lat' dir='ltr'><strong>adpone,</strong></span> <span class='ocrx_word' id='word_1_254' title='bbox 491 3143 629 3214; x_wconf 91' lang='lat' dir='ltr'><strong>potenter</strong></span> <span class='ocrx_word' id='word_1_255' title='bbox 652 3135 817 3196; x_wconf 89' lang='lat' dir='ltr'><strong>subvenies.</strong></span> 
     </span>
    </p>

    <p class='ocr_par' dir='ltr' id='par_1_13' title="bbox 68 3223 1168 3390">
     <span class='ocr_line' id='line_1_35' title="bbox 68 3223 1132 3302; baseline 0.008 -21"><span class='ocrx_word' id='word_1_256' title='bbox 68 3232 102 3281; x_wconf 81' lang='grc'><strong>88</strong></span> <span class='ocrx_word' id='word_1_257' title='bbox 211 3223 333 3284; x_wconf 87' lang='lat' dir='ltr'><strong>Stercus</strong></span> <span class='ocrx_word' id='word_1_258' title='bbox 356 3241 503 3301; x_wconf 89' lang='lat' dir='ltr'><strong>aprunum</strong></span> <span class='ocrx_word' id='word_1_259' title='bbox 527 3233 648 3284; x_wconf 91' lang='lat' dir='ltr'><strong>tunsum</strong></span> <span class='ocrx_word' id='word_1_260' title='bbox 668 3223 888 3302; x_wconf 86' lang='lat' dir='ltr'><strong>cribratumque</strong></span> <span class='ocrx_word' id='word_1_261' title='bbox 907 3231 936 3284; x_wconf 92' lang='grc'><strong>88</strong></span> <span class='ocrx_word' id='word_1_262' title='bbox 956 3243 1026 3286; x_wconf 93' lang='lat' dir='ltr'><strong>cum</strong></span> <span class='ocrx_word' id='word_1_263' title='bbox 1045 3228 1132 3289; x_wconf 91' lang='lat' dir='ltr'><strong>melle</strong></span> 
     </span>
     <span class='ocr_line' id='line_1_36' title="bbox 121 3311 1168 3390; baseline 0 -18"><span class='ocrx_word' id='word_1_264' title='bbox 121 3312 269 3373; x_wconf 88' lang='lat' dir='ltr'><strong>deteriore</strong></span> <span class='ocrx_word' id='word_1_265' title='bbox 289 3318 407 3373; x_wconf 89' lang='lat' dir='ltr'><strong>coctum</strong></span> <span class='ocrx_word' id='word_1_266' title='bbox 426 3319 456 3372; x_wconf 92' lang='grc'><strong>88</strong></span> <span class='ocrx_word' id='word_1_267' title='bbox 475 3311 631 3372; x_wconf 89' lang='lat' dir='ltr'><strong>subactum</strong></span> <span class='ocrx_word' id='word_1_268' title='bbox 650 3311 782 3372; x_wconf 89' lang='lat' dir='ltr'><strong>articulis</strong></span> <span class='ocrx_word' id='word_1_269' title='bbox 802 3313 964 3390; x_wconf 89' lang='lat' dir='ltr'><strong>inpositum</strong></span> <span class='ocrx_word' id='word_1_270' title='bbox 982 3315 1168 3378; x_wconf 76' lang='lat' dir='ltr'><strong>medemnas</strong></span> 
     </span>
    </p>
   </div>
   <div class='ocr_carea' id='block_1_3' title="bbox 190 3496 840 3581">
    <p class='ocr_par' dir='ltr' id='par_1_14' title="bbox 190 3496 840 3581">
     <span class='ocr_line' id='line_1_37' title="bbox 190 3496 840 3581; baseline -0.022 -21"><span class='ocrx_word' id='word_1_271' title='bbox 190 3507 363 3580; x_wconf 71' lang='lat' dir='ltr'><strong>reor-poris</strong></span> <span class='ocrx_word' id='word_1_272' title='bbox 384 3508 473 3581; x_wconf 85' lang='lat' dir='ltr'><strong>perte</strong></span> <span class='ocrx_word' id='word_1_273' title='bbox 492 3506 534 3580; x_wconf 82' lang='lat' dir='ltr'><strong>si]</strong></span> <span class='ocrx_word' id='word_1_274' title='bbox 557 3503 618 3562; x_wconf 79' lang='lat' dir='ltr'><strong>Hic</strong></span> <span class='ocrx_word' id='word_1_275' title='bbox 638 3496 840 3565; x_wconf 70' lang='grc'><strong>8888818888.</strong></span> 
     </span>
    </p>
   </div>
   <div class='ocr_carea' id='block_1_4' title="bbox 0 0 1224 3802">
    <p class='ocr_par' dir='ltr' id='par_1_15' title="bbox 0 0 1224 3802">
     <span class='ocr_line' id='line_1_38' title="bbox 0 0 1224 3802; baseline 0 2"><span class='ocrx_word' id='word_1_276' title='bbox 0 0 1224 3802; x_wconf 95' lang='lat' dir='ltr'><strong> </strong></span> 
     </span>
    </p>
   </div>
  </div>
 </body>
</html>
