2438 3802
478 195 517 206 -
565 158 720 224 305-

88 323 244 401 repetierit
275 321 332 381 boc
366 321 490 402 malum,
522 322 617 400 frigus
646 340 682 382 ex
708 322 900 384 multitudine
930 323 990 385 cibi
1019 343 1105 403 prae·

87 412 168 472 cedit
200 411 433 489 gravitatemque
462 410 610 489 quandam
638 417 668 471 et
695 418 848 489 torporem
877 413 942 472 eius
974 413 1045 494 loci,
1073 414 1103 474 id

89 508 136 561 est
159 499 226 579 coli,
250 498 303 559 sed
328 501 391 559 sine
415 497 476 559 ullo
500 499 601 560 dolore
625 500 814 561 sentiendum
837 500 936 581 insert,
960 501 1047 580 plane
1071 509 1105 562 ut

89 598 154 649 tum
181 586 367 668 intellegant,
397 595 507 666 quanto
535 588 611 649 malo
635 591 799 670 caruerint,
822 591 876 668 qui
897 588 946 649 illa
970 589 1103 650 molestia

63 676 263 737 eliberantur.
295 675 359 736 Hoc
382 676 599 738 medicamento
617 680 747 756 primum
765 677 942 738 muliercula
960 678 1105 757 quaedam
1124 693 1141 742 8

92 784 128 825 ex
155 764 254 825 Africa
280 767 403 825 veniens
430 765 540 825 multos
567 765 677 826 Romae
704 766 891 849 remediavit,
918 773 1022 846 postea
1050 785 1105 827 nos

91 871 146 933 per
169 871 305 932 magnam
328 872 430 914 eruam
454 856 658 933 conpositione
682 857 747 915 eius
770 863 900 938 accepta,
923 856 954 916 id
973 862 1020 916 est
1038 874 1105 935 pre·
1178 868 1180 872 ·

91 945 133 1003 ῑίο
157 942 225 1002 dato
249 945 277 1002 ei
300 942 379 1021 quod
403 942 623 1004 desideraverat
643 945 694 1022 qui
712 944 890 1026 venditabat,
913 944 1026 1024 aliquot
1045 962 1105 1005 non

91 1032 218 1092 humiles
241 1049 339 1110 neque
363 1033 479 1109 ignotos
503 1033 684 1112 sanavimuS,
707 1050 835 1111 quorum
858 1035 978 1094 nomina
1001 1051 1104 1112 super·

50 1140 76 1180 ro
91 1138 216 1181 vacuum
241 1127 288 1180 est
310 1119 433 1181 relerre.
468 1119 590 1181 Constat
612 1127 711 1182 autem
734 1121 984 1183 medicamentum
1003 1140 1039 1182 ex
1058 1121 1105 1181 his

90 1209 194 1270 rebus:
219 1208 305 1270 Cervi
329 1226 442 1270 cornua
465 1217 633 1291 sumuntur,
657 1209 729 1270 dum
746 1216 851 1270 tenera
870 1217 949 1291 sunt,
972 1217 1002 1270 et
1021 1211 1106 1288 quasi

91 1301 122 1357 in
149 1297 241 1358 taleas
264 1297 310 1358 vel
335 1304 436 1376 partes
459 1297 565 1359 breves
589 1306 619 1360 et
641 1305 748 1359 tenues
771 1297 864 1358 divisa
888 1300 919 1358 in
943 1297 998 1358 olla
1022 1297 1107 1359 fictili

92 1393 312 1464 componuntur
339 1386 541 1466 operculoque
570 1388 759 1466 superposito
788 1394 818 1448 et
846 1385 948 1465 argilla
974 1386 1106 1465 undique

92 1474 273 1535 circumdata
301 1475 421 1536 fornace
446 1483 498 1536 aut
520 1475 608 1535 furno
632 1483 775 1555 uruntur,
803 1475 898 1536 donce
921 1477 953 1535 in
975 1477 1107 1536 cinerem

51 1582 77 1622 15
92 1562 336 1624 candidissimum
363 1565 549 1644 redigantur,
578 1572 667 1643 atque
694 1566 735 1625 ita
762 1565 832 1624 trita
860 1565 891 1623 in
918 1581 988 1624 vaso
1012 1565 1106 1624 vitreo

92 1652 204 1713 mundo
223 1659 418 1731 reponuntur.
447 1652 521 1714 Cum
540 1652 673 1713 dolorem
692 1652 751 1714 coli
768 1651 890 1713 babebit
903 1651 1019 1733 aliquis,
1038 1660 1106 1712 ante

93 1741 171 1800 diem
190 1739 388 1802 abstinebitur
407 1759 497 1820 quam
510 1749 637 1820 poturus
652 1750 698 1802 est
712 1741 961 1802 medicamentum
976 1740 1012 1800 ab
1027 1741 1107 1800 omni

93 1828 159 1889 cibo
183 1837 272 1907 atque
295 1831 336 1890 ita
358 1837 478 1908 postera
502 1829 551 1890 die
574 1829 708 1908 digestus
731 1838 819 1909 atque
843 1831 962 1890 ieiunus
981 1831 1108 1906 accipiet

93 1936 129 1977 ex
150 1918 207 1978 boc
225 1917 348 1996 pulvere
366 1935 514 1979 cornuum
534 1926 708 1979 exustorum
728 1918 864 1979 cocliaria
883 1919 940 1978 tria
959 1917 1107 1978 cumulata

52 2025 78 2065 ao
94 2007 166 2066 satis
190 2005 294 2086 ampla,
318 2005 427 2085 quibus
446 2008 567 2068 misceri
586 2006 697 2067 debent
714 2009 826 2086 piperis
844 2006 904 2066 albi
922 2024 1012 2085 grana
1028 2005 1107 2066 Vllll

92 2097 163 2155 trita
186 2102 216 2155 et
238 2112 355 2175 myrrae
379 2097 528 2176 exiguum,
551 2095 631 2175 quod
655 2095 777 2156 odorem
799 2094 1004 2157 tantummodo
1023 2112 1107 2173 prae·

92 2191 171 2244 stare
198 2185 302 2263 possit
344 2181 424 2245 llaec
452 2187 483 2245 in
512 2202 605 2244 unum
633 2186 790 2246 commixta
818 2185 850 2244 in
876 2185 1018 2244 mortario
1042 2183 1143 2244 dili-e

91 2280 196 2351 genter
220 2275 370 2352 agitantur
393 2291 427 2334 ac
450 2280 599 2354 teruntur,
622 2273 729 2334 deinde
753 2272 851 2334 coclea
870 2290 940 2333 vera
961 2272 1108 2352 Africana,

92 2361 122 2421 id
151 2369 197 2422 est
223 2361 292 2422 inde
321 2361 419 2445 allata,
447 2363 576 2424 sumitur
603 2380 692 2442 quam
720 2361 953 2422 maculosissima
981 2369 1011 2422 et
1033 2363 1106 2442 viva,

51 2468 78 2510 25
93 2452 118 2511 si
141 2451 207 2511 lieri
229 2459 337 2532 potest,
361 2453 392 2512 in
416 2451 472 2513 alio
496 2453 639 2513 mortario
658 2469 726 2512 cum
746 2469 800 2512 sua
818 2458 895 2512 testa
914 2450 1109 2511 contunditur

92 2546 181 2618 atque
209 2541 249 2600 ita
278 2543 398 2622 teritur,
427 2541 522 2602 donec
550 2539 665 2601 nullum
693 2541 852 2618 vestigium
881 2547 932 2600 aut
955 2539 1108 2619 aspritudo

92 2636 232 2706 appareat
255 2629 446 2709 testularum;
474 2637 578 2708 postea
600 2631 662 2690 vini
685 2627 803 2688 Falerni
826 2646 886 2688 non
910 2630 1020 2688 saccati
1043 2645 1108 2707 cya-

92 2715 163 2775 thus
187 2715 315 2776 adicitur
343 2724 373 2776 et
395 2716 488 2777 nihilo
512 2719 611 2778 minus
634 2735 741 2778 rursus
764 2717 887 2797 teritur,
911 2718 1005 2795 magis
1030 2718 1110 2776 enim

93 2810 165 2862 tunc
194 2802 380 2880 apparebunt
405 2805 618 2886 aspritudines,
648 2808 674 2866 si
698 2823 773 2885 quae
797 2803 971 2884 residerint,
1000 2804 1109 2882 quibus

53 2908 80 2950 ao
94 2891 198 2950 levatis
217 2891 327 2951 iterum
346 2890 517 2953 adiciuntur
536 2893 594 2953 duo
614 2893 714 2973 cyathi
732 2892 865 2954 eiusdem
884 2893 945 2952 vini
963 2898 1052 2970 atque
1068 2893 1110 2950 ita

95 2996 163 3039 cum
187 2980 286 3058 priore
311 2981 525 3060 compositione
548 2980 626 3042 bene
649 2982 863 3062 admiscentur,
888 2987 991 3059 postea
1014 2987 1110 3039 trans·

94 3066 262 3129 funduntur
290 3087 365 3148 quae
392 3077 462 3130 sunt
485 3071 517 3130 in
540 3072 682 3131 mortario
706 3073 737 3131 in
761 3070 883 3131 calicem
907 3085 1029 3148 novum,
1058 3069 1110 3146 qui

94 3155 169 3216 calix
189 3175 280 3236 super
299 3158 377 3218 aliud
397 3177 448 3221 vas
467 3160 590 3238 ponitur
608 3158 645 3219 ad
664 3160 809 3220 carbones
828 3165 859 3218 et
874 3156 996 3218 adsidue
1011 3174 1110 3216 move·

94 3253 145 3306 tur
168 3246 307 3307 cocliaria
330 3246 441 3330 liquor,
471 3266 508 3309 ne
532 3247 604 3328 quid
628 3247 763 3310 subsidat
785 3255 836 3309 aut
859 3253 1033 3327 peruratur3
1058 3243 1111 3304 ubi

183 3452 343 3523 tignotns.
409 3459 441 3509 12
460 3455 551 3511 teleos
570 3472 584 3510 e
602 3455 742 3513 Scribere..¹
760 3455 886 3512 tabulas.
939 3456 979 3505 tt
993 3450 1118 3503 cisom-

94 3524 170 3580 deto.
245 3529 277 3580 17
295 3525 421 3594 lauturus.
495 3532 529 3583 21
549 3526 704 3600 praestari.
778 3533 819 3584 bh
836 3525 908 3596 opib
921 3521 1005 3589 odie„

141 3623 302 3678 mensum,
314 3635 355 3668 nn.
369 3627 533 3673 manuos.
949 3610 993 3660 ‘m
