2438 3802
535 133 754 197 ..Ἡμ-

83 309 116 357 60
135 294 179 356 Ne
194 313 270 356 aiano
290 305 435 375 perpetuo
455 296 569 376 lippias,
588 296 624 356 de
644 297 737 356 acinis
752 313 856 355 novem
871 313 944 355 uvae
963 294 1055 376 albae,
1070 303 1151 356 ante·

134 403 223 464 quam
246 403 331 446 uvam
356 393 466 465 gustes,
490 387 591 445 novies
613 393 642 445 te
666 387 800 462 inunges,
824 386 864 443 ita
888 391 920 444 ut
944 386 1020 444 intra
1047 383 1151 445 oculos

81 485 114 534 61
134 481 202 535 tuos
226 491 315 551 grana
340 474 453 552 singula
478 472 602 551 singulis
627 472 741 533 vicibus
764 472 911 532 infundas.
957 472 1079 533 Stercus
1103 492 1150 534 ca-

132 565 253 644 prinum
286 564 354 622 vino
389 580 584 641 conspersum
605 564 779 645 ,tritumque
807 569 837 620 et
864 563 1026 639 inpositum
1056 561 1151 624 oeulis

133 660 221 729 atque
259 649 419 729 obligatum
457 669 573 711 omnem
607 649 739 711 dolorem
772 658 979 729 tumoremque
1012 650 1178 728 detergits

80 739 243 800 articulos
272 758 339 799 cum
368 739 467 799 dolere
497 741 563 818 quis
592 741 737 818 coeperit,
769 738 838 798 ilico
866 740 894 798 ei
922 737 1094 819 subvenies,
1125 742 1151 800 si

135 835 207 906 quot
229 826 343 887 litteras
367 847 475 888 nomen
499 830 563 888 eius
585 827 731 908 habuerit,
755 829 910 887 nominans
929 827 1056 907 easdem,
1081 830 1149 888 toti·

133 917 200 976 dem
229 915 322 974 nodos
351 918 381 977 in
405 917 473 977 rudi
496 916 556 977 lino
581 918 708 995 stringas
733 924 763 976 et
786 918 866 976 circa
889 915 997 975 collum
1022 915 1150 977 dolentis

132 1006 276 1065 innectas,
311 1004 342 1064 Si
361 1007 490 1085 impetus
505 1005 637 1066 dolorem
652 1007 848 1084 praevenerit,
867 1003 1047 1065 absinthium
1064 1013 1149 1065 vetus

133 1105 163 1154 et
186 1091 338 1169 fuliginem
361 1104 497 1155 conteres
517 1094 682 1173 diligenter,
706 1102 778 1154 tunc
797 1093 893 1152 mellis
913 1101 1056 1171 quantum
1077 1095 1149 1154 satis
1164 1113 1190 1153 xo

133 1181 282 1242 videbitur
301 1181 411 1242 adicies
430 1194 460 1244 et
479 1184 577 1243 denuo
597 1190 676 1242 teres
696 1193 783 1260 atque
803 1200 839 1241 ex
859 1201 894 1241 eo
913 1180 1015 1242 oculos
1033 1181 1150 1263 inlines,

80 1281 114 1332 66
132 1270 311 1331 validissime
334 1271 476 1349 proderit.
522 1271 565 1332 Ne
589 1290 666 1331 anno
690 1279 835 1349 perpetuo
858 1270 973 1349 lippias,
997 1289 1063 1330 cum
1088 1273 1149 1349 pri-

131 1379 213 1422 mum
237 1377 428 1421 cucumerem
450 1369 575 1423 nanctus
595 1361 700 1440 loerIS,
724 1361 755 1419 in
775 1360 894 1419 fontana
913 1377 988 1437 aqua
1008 1377 1076 1419 eum
1095 1378 1150 1437 per

132 1449 264 1510 triduum
295 1467 359 1509 esse
391 1452 422 1510 in
451 1450 568 1511 vasculo
592 1449 702 1510 mundo
727 1449 895 1527 permittes,
924 1447 1030 1507 deinde
1055 1447 1150 1509 oculis

79 1547 114 1599 64
132 1537 280 1616 adapertis
303 1537 410 1597 faciem
435 1548 514 1599 tuam
534 1557 567 1597 ea
586 1556 661 1616 aqua
680 1537 780 1597 lovere
800 1536 927 1596 ornabis.
965 1535 1023 1606 Qui
1042 1536 1150 1596 crebro
1166 1556 1192 1596 xo

131 1624 319 1705 lippitudinis
354 1627 423 1685 vitio
457 1624 614 1705 laborabit,
649 1624 822 1686 milelolium
854 1624 977 1684 herbam
1006 1625 1150 1686 radicitus

131 1714 218 1774 vellat
242 1721 271 1771 et
296 1731 331 1772 ex
356 1731 389 1772 ea
413 1713 558 1775 circulum
583 1713 683 1796 faciat,
712 1722 746 1776 ut
769 1731 823 1791 per
846 1712 928 1774 illum
953 1712 1097 1791 adspiciat
1120 1723 1151 1775 et

132 1802 210 1862 dicat
234 1809 293 1861 ter:
317 1800 460 1863 Excisum
484 1804 605 1883 acrisos,
629 1810 659 1863 ct
682 1805 792 1863 totiens
815 1802 850 1862 ad
871 1820 904 1862 os
923 1801 981 1862 sibi
1003 1802 1149 1863 circulum

131 1889 215 1950 illum
239 1888 392 1951 admoveat
417 1901 447 1952 et
469 1910 524 1972 per
547 1891 678 1952 medium
701 1899 810 1970 expuat
840 1899 870 1951 et
897 1890 1019 1950 herbam
1043 1909 1150 1952 rursus

132 1978 253 2058 plantet.
301 1977 381 2049 Quae
410 1983 435 2041 si
463 1983 616 2062 revixerit,
651 1999 812 2060 numquam
842 1981 867 2040 is
900 1982 951 2058 qui
984 1980 1150 2041 remedium
1165 1996 1191 2036 ao

131 2068 237 2129 feeerit
265 2068 420 2130 vexabitur
448 2071 602 2132 oculorum
632 2070 747 2150 dolore3
776 2069 812 2129 ad
841 2077 1002 2146 utrumque
1031 2068 1151 2129 oculum

130 2156 187 2218 hoc
211 2158 312 2237 facilo;
337 2177 411 2237 quae
436 2162 462 2220 si
485 2163 584 2221 minus
607 2161 757 2238 revixerit,
781 2176 816 2217 ex
840 2157 896 2217 alia
919 2160 1028 2216 iterum
1053 2158 1150 2218 iaciat.

131 2245 256 2324 Oportet
279 2254 377 2306 autem
402 2247 467 2308 dari
490 2266 623 2328 operam,
646 2255 680 2308 ut
703 2265 762 2306 non
786 2247 875 2306 nimis
893 2244 984 2305 herba
1004 2249 1151 2307 constrin-

79 2343 112 2393 66
132 2344 227 2412 gatur,
252 2352 310 2412 quo
334 2334 447 2395 lacilius
467 2334 595 2413 plantata
615 2343 784 2412 consurgat.
822 2333 917 2412 Cepae
936 2332 1040 2412 longae
1060 2353 1151 2396 sucus

133 2421 321 2499 opobalsamo
345 2424 455 2483 mixtus
479 2432 508 2483 et
532 2441 604 2483 suco
628 2422 750 2483 feniculi
773 2423 886 2482 adiecta
908 2422 993 2500 adipe
1013 2427 1192 2483 anserinam

133 2511 313 2587 incipientes
336 2511 499 2590 ypochyses
523 2511 645 2572 discutit
670 2521 699 2572 ct
722 2511 900 2572 suffusiones
924 2513 1061 2589 reprimit
1082 2512 1150 2572 cali-

80 2610 114 2661 66
134 2599 277 2677 ginesque
301 2607 451 2660 extenuat.
489 2601 669 2678 accipitrem
691 2601 717 2659 si
736 2600 885 2678 decoquas
904 2602 934 2659 in
955 2599 1019 2660 oleo
1039 2602 1150 2681 susino,

134 2686 228 2747 donec
249 2705 317 2747 caro
337 2688 401 2748 eius
416 2688 591 2766 resolvatur,
611 2696 641 2749 et
656 2707 690 2748 ex
707 2707 743 2750 eo
758 2688 860 2749 oculos
875 2689 1046 2767 frequenter
1061 2689 1150 2748 inun-

80 2787 114 2838 6‘1
133 2793 216 2856 guas,
239 2784 269 2836 et
293 2775 463 2856 ypochysim
487 2787 517 2838 et
540 2777 695 2856 caliginem
718 2777 870 2839 discuties.
916 2775 1150 2838 Chamaeleontis

134 2863 174 2924 fel
193 2873 303 2926 tantam
324 2867 380 2926 vim
400 2865 509 2928 babere
528 2867 670 2948 creditur,
690 2875 724 2928 ut
742 2866 906 2947 ypochyses
925 2869 1003 2926 intra
1018 2865 1151 2926 triduum
1166 2883 1192 2922 eo

134 2955 360 3018 intinctionibus
379 2966 471 3018 sanet.
510 2956 586 3035 Lupi
606 2957 692 3018 limus
712 2956 762 3017 diu
778 2956 939 3036 perfrictus
954 2956 989 3015 ad
1006 2973 1151 3015 summam

78 3062 114 3112 es
133 3042 281 3106 levitatem
310 3064 378 3107 cum
407 3045 492 3106 melle
521 3047 632 3109 mixtus
661 3053 691 3105 et
719 3046 886 3105 inunctioni
909 3043 1059 3104 adhibitus
1082 3062 1151 3104 ocu-

135 3131 231 3193 lorum
255 3134 418 3214 ypochyses
443 3135 566 3195 discutit
589 3141 619 3194 et
642 3133 678 3193 ad
702 3151 847 3193 summam
871 3130 1078 3193 claritudinem
1100 3151 1152 3193 eos

208 3292 224 3339 6
244 3287 340 3341 oculos
360 3303 423 3339 oum
442 3284 549 3356 dolere]
570 3283 713 3339 oculorum
733 3284 867 3339 dolorem.
923 3290 938 3338 a
960 3284 1150 3353 absynthium.

140 3359 173 3410 10
205 3355 330 3410 tomellis
363 3357 462 3411 litteris
493 3372 532 3409 nc
564 3355 764 3424 superscriptio.
876 3361 906 3410 tv
936 3360 965 3410 et
994 3355 1072 3410 dicat
1100 3371 1148 3408 om.

138 3429 172 3480 26
191 3426 349 3495 ypochssis.
428 3432 461 3480 29
479 3424 650 3494 ypochesim.
728 3431 762 3479 80
779 3426 940 3494 ypocbeses.
1019 3432 1053 3481 32
1072 3426 1153 3480 inun-

134 3494 226 3555 ctioni
244 3497 358 3566 sampsi:
376 3495 535 3552 inuictione.
609 3501 642 3550 33
661 3497 824 3567 ypocheses.
