2438 3802
481 149 720 214 —375-

90 314 126 374 ad
151 313 346 391 chiragricos,
375 310 410 371 ad
434 310 597 391 arthritim,
625 312 661 371 ad
689 311 732 370 ilii
756 309 900 391 dolorem,
930 312 966 372 ad
993 315 1106 373 ventris

90 401 253 480 molestias,
282 400 318 460 ad
343 417 504 460 nervorum
527 401 761 461 contractionem
785 407 816 458 et
839 400 874 460 ad
899 418 1002 460 omnes
1026 400 1106 460 dolo-

90 509 153 570 res,
182 492 234 569 qui
262 496 332 549 sunt
360 490 391 548 iu
420 506 560 569 corpore,
592 489 749 548 conficitur
776 486 839 548 Xll.
868 487 930 548 Kal.
958 487 1011 549 lul.
1045 507 1105 549 non

90 582 217 640 interest
241 596 298 657 quo
322 577 370 637 die
390 577 436 636 vel
454 577 524 637 luna
544 575 589 636 vel
608 577 724 657 malina,
743 576 903 636 dummodo
923 594 1013 654 supra
1033 579 1105 637 scri-

64 675 162 746 aptns
181 668 245 728 dies
264 665 448 747 observetur,
468 683 526 744 quo
546 665 732 726 medicamen
746 666 796 724 liat
815 666 873 726 sic:
892 664 957 725 Olei
971 664 1002 725 P.
1018 662 1105 744 XXV,

92 756 144 817 sed
172 757 291 835 optimi,
320 756 380 814 vini
408 755 513 833 optimi
536 753 634 832 pondo
659 752 738 813 XXV
760 783 805 795 -
829 761 971 832 quantum
993 753 1104 814 bonum

91 845 182 905 fuerit
206 845 321 923 vinum,
349 851 464 904 tantum
493 842 600 903 melius
624 844 682 903 erit
705 841 954 902 medicamentum
979 875 1017 886 -
1044 861 1102 903 ser·

91 931 162 1012 pylli
195 934 369 1010 campestris
400 931 558 992 fasciculos
585 929 613 990 X
641 939 700 991 tam
728 930 855 1009 grandes
883 949 972 1009 qnam
1000 949 1105 993 manus

92 1023 148 1082 viri
175 1023 310 1099 recipere
337 1028 450 1101 potest3
478 1019 529 1080 sed
559 1037 650 1098 supra
678 1021 788 1097 scripta
816 1019 863 1079 die
892 1020 990 1098 colligi
1017 1020 1106 1080 debet

51 1133 78 1173 ro
92 1109 266 1189 serpyllum,
294 1117 329 1168 ut
357 1111 456 1170 statim
484 1126 591 1169 recens
620 1126 688 1168 cum
714 1125 804 1185 supra
828 1106 915 1167 dictis
938 1107 1105 1186 liquoribus

92 1207 251 1278 coquatur,
279 1198 356 1276 quod
381 1205 500 1277 oportet
524 1207 582 1257 tam
606 1196 657 1256 diu
680 1197 783 1274 coqui,
807 1213 963 1274 quousque
987 1195 1022 1255 ad
1047 1196 1106 1256 olei

91 1305 262 1348 mensuram
291 1285 390 1365 liquor
418 1287 514 1346 omnis
542 1287 652 1362 veniat3
682 1302 750 1344 cum
777 1283 963 1364 refriguerit,
991 1282 1105 1344 colatur

92 1375 249 1455 diligenter
279 1383 309 1434 et
339 1374 391 1435 ubi
418 1373 546 1434 nitidum
574 1373 677 1453 luerit,
710 1371 801 1432 addes
831 1373 947 1432 resinae
976 1373 1104 1450 pityinae

91 1464 190 1545 pondo
214 1466 279 1544 tria,
303 1465 481 1542 opopanacis
499 1461 605 1522 libram
625 1463 724 1540 semis,
747 1459 864 1538 galbani
881 1459 986 1520 libram
1005 1462 1105 1539 semis,

52 1577 78 1616 rs
93 1571 179 1614 cerae
197 1554 280 1613 rulae
295 1551 400 1612 libram
415 1552 514 1630 semis,
533 1552 658 1611 storacis
672 1548 787 1628 libram,
806 1548 988 1628 opobalsami
1004 1582 1041 1591 -
1059 1547 1105 1609 Vl.

92 1641 172 1701 Haec
196 1642 294 1700 omnia
317 1639 482 1700 confundes
505 1641 536 1698 in
560 1641 617 1699 isto
641 1637 720 1718 ole03
748 1645 894 1698 storacem
918 1655 988 1697 sane
1010 1655 1105 1716 pones

92 1732 124 1789 in
147 1727 251 1788 balneo
280 1737 310 1788 et
332 1728 373 1788 ibi
397 1727 493 1788 solves
517 1736 605 1806 atque
629 1728 659 1787 in
683 1728 825 1786 mortario
848 1733 929 1787 teres
952 1735 981 1786 et
1004 1728 1105 1786 remit-

92 1825 139 1876 tes
168 1819 265 1876 omnia
292 1818 323 1876 in
349 1835 399 1876 vas
422 1834 542 1876 aereum
566 1815 667 1894 ibique
690 1833 783 1892 pones
807 1814 844 1874 ad
866 1815 965 1874 locum
989 1816 1105 1893 species

94 1922 184 1982 supra
204 1906 339 1985 scriptas,
358 1923 433 1984 quae
452 1913 512 1964 tam
531 1903 583 1964 diu
602 1911 777 1983 coquantur,
796 1902 937 1982 quamdiu
953 1902 1105 1963 solvantur

52 1993 182 2072 eobano,
211 1992 318 2052 deinde
346 1993 382 2053 de
411 1995 509 2053 resina
536 1992 690 2071 pulverem
715 1992 805 2052 lanies
829 1999 859 2052 et
882 2009 1021 2070 asperges
1044 2009 1104 2051 me-

93 2082 244 2160 dicamini,
268 2081 339 2141 dum
363 2081 459 2142 adbuc
482 2083 634 2161 coquitur,
660 2099 718 2160 quo
741 2079 923 2159 malagmatis
947 2079 1011 2140 loco
1036 2098 1104 2142 cum

92 2188 168 2250 opus
191 2169 282 2230 luerit
304 2171 407 2230 uteris.

182 2252 329 2320 Cerotum'
350 2259 385 2319 ad
414 2257 579 2337 chiragram
606 2266 636 2318 et
662 2258 812 2338 parotidas
841 2265 871 2319 et
899 2265 1032 2318 tumores
1060 2257 1102 2317 di·
1122 2273 1158 2323 50

91 2366 194 2409 versos
226 2355 255 2408 et
283 2347 396 2408 listulas
428 2355 459 2408 et
485 2347 661 2408 furunculos
695 2349 803 2426 accipit
834 2347 920 2407 baec:
958 2344 1103 2406 Cerussae

52 2438 124 2499 asP.
143 2437 169 2518 l,
193 2439 369 2498 ammoniaci
391 2436 422 2496 P.
442 2435 468 2515 l,
492 2436 549 2496 olei
572 2435 604 2496 P.
624 2435 650 2517 l,
678 2455 798 2498 cerussa
826 2436 949 2496 terenda
972 2437 1004 2494 in
1027 2453 1104 2494 mor-

92 2529 168 2587 tario
197 2525 436 2604 diligentissime,
464 2524 571 2584 deinde
599 2524 697 2585 oleum
725 2525 865 2604 paulatim
895 2525 1104 2603 supermitten-

92 2616 176 2694 dum,
205 2624 235 2674 et
258 2633 327 2674 cum
350 2612 439 2672 simul
461 2615 532 2673 trita
555 2613 667 2672 luerint
690 2616 796 2692 omnia,
821 2613 963 2673 mittenda
986 2614 1017 2672 in
1041 2631 1104 2672 cac·

93 2702 199 2762 cabum
223 2701 269 2760 vel
292 2700 425 2778 trullam,
453 2707 487 2758 ut
510 2700 657 2781 ferveant,
685 2711 715 2760 et
738 2701 808 2759 dum
832 2709 1017 2778 coquuntur,
1041 2703 1105 2760 sine

93 2789 313 2849 intermissione
332 2785 476 2863 agitanda.
510 2786 567 2845 Sed
586 2805 654 2846 cum
674 2787 798 2846 densum
813 2805 879 2847 esse
894 2791 1026 2865 coeperit
1044 2805 1104 2846 me-

52 2900 79 2939 ao
94 2878 228 2938 dicamen
252 2874 288 2934 ad
312 2875 442 2952 speciem
466 2876 569 2952 ceroti,
593 2882 656 2933 tum
676 2875 891 2933 ammoniacum
912 2877 1016 2933 tritum
1040 2873 1103 2933 dili·

94 2973 198 3045 genter
217 2959 486 3040 supermitteudum
505 2960 718 3040 coqnendaque
738 2961 825 3022 simul
844 2963 941 3020 omnia
956 2959 1038 3020 horis
1052 2979 1104 3021 sex

94 3056 174 3116 lento
189 3055 266 3131 igne,
286 3069 323 3111 ne
338 3049 510 3129 adurantur,
528 3058 557 3109 et
572 3051 636 3109 sine
651 3050 825 3128 cessatione,
840 3049 911 3109 dum
925 3057 1103 3128 coquuntur,

94 3142 244 3222 agitanda3
264 3158 332 3200 cum
352 3138 463 3199 videris
482 3140 579 3199 omnia
601 3137 677 3199 bene
692 3139 791 3218 mixta,
809 3137 937 3199 delunde
953 3140 1104 3217 inaquam

95 3231 230 3310 lrigidam
246 3236 276 3289 et
291 3228 427 3289 manibus
441 3227 545 3307 subige
559 3226 606 3288 vel
620 3228 748 3307 perfrica
763 3238 792 3287 et
806 3230 849 3289 sic
863 3245 974 3307 repone
992 3236 1022 3288 et
1036 3246 1104 3288 cum

53 3339 80 3382 aa
94 3338 167 3381 usus
191 3319 332 3398 exegerit,
356 3317 452 3379 alutae
471 3317 562 3378 inline
582 3326 612 3377 et
631 3320 673 3379 sic
693 3317 810 3397 adpone
826 3317 907 3377 locis
920 3318 1129 3374 necessarus.

169 3513 186 3561 9
205 3507 310 3580 collegi
332 3507 506 3574 Carnarius.
587 3520 626 3573 ‘lb
646 3512 750 3572 lacius
766 3511 860 3569 idem.
