2438 3802
488 168 731 232 -231-

103 330 150 391 vel
182 329 306 390 totidem
337 327 448 389 calidae
481 349 592 411 aquae,
628 333 653 390 si
686 330 900 392 febriculentus
934 335 1009 412 erit,
1042 333 1118 394 adsi·
1160 355 1162 359 ·

104 420 162 480 due
185 419 280 479 datus.

192 507 237 568 Ad
255 509 364 568 iecoris
383 506 515 567 dolorem
535 509 615 586 potio
636 507 764 568 salubris
779 509 936 570 coniicitur
952 512 1007 570 sic:
1031 509 1116 588 Pipe-
1135 524 1169 573 43

104 599 146 657 ris
172 629 210 639 -
230 595 252 677 I,
276 597 423 674 eupatorii
450 628 487 638 -
508 595 530 676 l,
554 599 629 657 costi
657 630 694 640 —
716 596 765 677 III,
788 597 894 658 hacani
917 631 959 642 —
978 598 1015 680 ll,
1038 599 1118 660 faeni

77 687 204 763 agraeci
225 717 261 727 -
283 683 296 743 I
316 683 345 744 S.
376 683 481 745 Omnia
505 685 577 745 haec
601 688 671 746 trita
695 693 724 746 et
743 693 824 746 creta
844 686 975 747 servabis
999 696 1116 749 etcum

104 793 177 834 usus
196 775 336 854 exegerit,
355 772 439 833 dahis
458 775 488 832 in
508 775 569 833 vini
588 776 707 853 potione
723 774 856 836 cocleare
871 775 992 855 plenum
1006 778 1115 855 ieiuno,

102 865 143 922 ita
163 865 246 923 utin
265 862 369 922 dextro
388 861 480 922 latere
500 870 585 922 tenso
605 862 727 923 brachio
746 866 849 943 iaceat,
870 883 938 925 cum
957 867 1114 944 acceperit.

191 951 424 1029 Epithematium
447 951 483 1010 ad
507 953 591 1011 iecur
615 953 778 1012 sanandum
800 955 856 1014 sic:
880 953 987 1014 Guttae
1007 972 1115 1013 ammo·
1133 969 1169 1017 44

101 1042 179 1100 niaoi
201 1039 232 1100 P.
252 1039 291 1119 II,
315 1057 402 1100 cerae
426 1040 612 1120 tantundem,
639 1040 697 1100 olei
719 1043 799 1102 rosei
822 1041 1009 1122 tantundem,
1034 1044 1116 1102 croci

61 1149 145 1187 ιο-
167 1127 188 1188 Ι.
231 1128 319 1188 Gutta
348 1131 529 1189 ammoniaca
557 1148 626 1190 cum
653 1128 731 1189 hono
759 1138 842 1190 aceto
870 1132 991 1211 teritur,
1020 1131 1115 1191 donec

101 1216 177 1277 hene
196 1220 266 1278 trita
286 1219 325 1277 sit
344 1224 374 1276 et
392 1217 538 1296 glutinosa
561 1218 623 1298 fiat3
648 1236 778 1299 crocum,
797 1221 823 1278 si
842 1221 954 1279 stccum
974 1225 1028 1297 est,
1047 1226 1115 1278 tun·

102 1325 168 1366 sum
199 1313 229 1366 et
257 1305 420 1366 cribratum
448 1313 547 1384 guttae
580 1308 756 1367 ammoniaci
788 1307 968 1367 admiscetur
1001 1315 1031 1367 et
1063 1307 1115 1367 diu

101 1397 223 1475 teritum
243 1397 269 1454 si
288 1395 425 1455 umidum·
442 1403 495 1474 est,
514 1396 546 1454 iu
565 1403 648 1455 aceto
667 1395 863 1456 madefactum
883 1397 1013 1475 prImum
1032 1413 1114 1474 sepa-

100 1485 196 1563 ratim,
220 1483 327 1543 deinde
351 1501 419 1542 cum
444 1490 527 1562 gutta
552 1486 734 1544 ammoniaca
757 1486 878 1565 teritur3
903 1483 1011 1563 quihus
1035 1486 1115 1544 tritis

60 1589 85 1630 rs
100 1580 235 1632 cerotum
263 1571 299 1630 de
329 1590 415 1632 roseo
443 1571 508 1632 oleo
536 1581 566 1633 et
594 1590 662 1632 cera
685 1572 795 1633 Punica
824 1573 934 1634 lactum
957 1573 1114 1652 refrIgera·

99 1668 162 1721 tum
177 1661 357 1720 admiscetur
372 1669 401 1721 et
416 1671 475 1722 tam
489 1661 540 1721 diu
554 1663 663 1722 teritur
679 1661 723 1721 vel
738 1661 895 1742 subigitur,
911 1661 1005 1721 donee
1020 1679 1114 1722 unum

99 1767 209 1826 eorpus
237 1751 299 1830 liat,
327 1757 361 1809 ut
389 1749 531 1828 magdalia
553 1751 623 1810 inde
647 1749 827 1830 formentur,
856 1769 932 1830 quae
961 1751 1113 1810 stomacho

99 1837 255 1915 phoenicio
278 1838 399 1898 inducta
422 1841 621 1918 imponantur.

504 2032 583 2094 ule.
606 2031 710 2092 XXIII.

132 2144 188 2199 Ad
213 2143 311 2200 lienis
339 2145 409 2200 sive
438 2144 566 2214 splenis
593 2143 676 2200 vitia
703 2143 815 2199 omnia
844 2146 878 2200 at
905 2143 1080 2200 molestias

96 2232 272 2288 universas
296 2233 446 2289 remedia
469 2232 682 2289 rationabilia
703 2234 738 2288 at
754 2232 897 2302 physica
915 2233 1051 2289 divam
1069 2235 1113 2288 de

480 2321 729 2392 experimentis.

187 2458 231 2518 hd
254 2457 382 2518 lienosos
406 2458 482 2519 hene
506 2459 577 2520 lacit
599 2461 734 2520 tamarIei
756 2459 844 2538 longe
865 2478 882 2519 a
901 2460 976 2520 mari
994 2458 1112 2520 collecti
1132 2471 1147 2520 1

56 2547 220 2607 roarelacti
254 2554 283 2606 et
316 2550 435 2608 contusi
466 2547 598 2627 pulveris
628 2549 768 2609 denarIus
802 2567 879 2609 unus
912 2555 963 2609 aut
994 2549 1112 2627 pondus

96 2637 244 2696 victoriati
272 2635 373 2697 datum
400 2654 436 2696 ex
464 2656 540 2716 aqua
568 2640 676 2698 ieiunis
704 2637 749 2698 vel
777 2656 812 2696 er
840 2656 938 2717 posca.
985 2637 1145 2698 prodesto

96 2723 218 2784 lienosis
251 2725 332 2785 inula
364 2725 445 2785 arida
474 2725 620 2803 Campana
653 2733 778 2785 contusa
810 2733 841 2784 et
873 2724 1001 2785 cribrata
1030 2744 1111 2786 men-

98 2830 167 2871 sura
191 2813 305 2874 denarii
327 2816 417 2874 unius
443 2832 478 2872 ex
502 2815 563 2872 viui
586 2816 695 2872 veteris
719 2815 804 2871 mixti
832 2813 945 2891 cyathis
969 2821 1111 2890 quattuor

97 2901 205 2962 ieiunis
228 2902 302 2962 data.
764 2937 767 2942 ·

55 3005 82 3046 aa
185 2989 269 3052 Potio
289 2991 324 3050 ad
344 2989 474 3050 lienosos
493 2989 548 3047 sic:
568 2986 677 3066 Balani,
697 3004 756 3065 quo
771 2989 960 3064 unguentarii
975 2995 1109 3069 utuntur,
1129 3001 1146 3050 3

96 3077 234 3140 denarios
259 3079 343 3160 duos,
367 3079 502 3156 capparIs
526 3075 635 3136 radicis
659 3074 725 3154 iil,
749 3075 876 3135 hederae
900 3077 1002 3154 nigrae
1026 3075 1110 3136 haca-

96 3185 163 3228 rum
183 3168 322 3228 denarios
341 3168 425 3246 duos,
443 3164 645 3245 periclymeni,
667 3182 755 3243 quam
775 3163 864 3223 silvae
883 3174 1008 3224 matrem
1027 3183 1111 3225 voca-

96 3273 172 3337 mus,
192 3256 262 3336 IIS,
282 3256 398 3334 galbani
417 3255 532 3316 denarii
546 3253 575 3332 S,
596 3252 725 3314 cardami
744 3255 830 3333 nigri,
849 3251 879 3312 id
894 3261 940 3313 est
959 3256 1111 3335 nasturcii,

186 3396 203 3443 4
223 3390 336 3462 bacani]
360 3391 395 3458 es.
419 3390 500 3445 Alex.
522 3390 608 3444 Trall.
632 3390 672 3445 cd.
695 3389 874 3443 Puechmarm
896 3389 947 3443 ool.
962 3387 989 3440 ΙΙ
1004 3406 1034 3458 p.
1050 3394 1111 3443 394.

95 3462 232 3589 ἔξέἵοὲε
254 3478 283 3516 rc
305 3463 372 3517 med.
390 3460 430 3530 II,
451 3467 482 3516 17
508 3461 794 3530 (ed.Ald.pa1⁷9⁸).
903 3465 937 3514 ‘to
961 3459 1040 3528 quoi
1058 3476 1123 3522 aaa.
