2438 3802
477 147 719 212 -109-

90 312 219 390 largiore
239 317 347 390 potata,
370 311 467 389 capite
487 319 518 370 et
534 310 657 371 naribus
680 328 736 371 nec
759 313 859 372 minus
878 331 930 372 ore
949 313 1107 392 diligenter

89 408 209 480 opert03
237 417 293 459 nec
321 417 381 459 non
404 399 568 460 fomentum
597 418 632 460 ex
656 417 750 478 aquae
779 400 889 461 calidae
919 419 1025 480 vapore
1053 421 1107 480 per

89 506 236 569 spongeas
263 487 367 548 molles
395 487 536 548 adhibere
565 497 647 548 extra
675 489 838 570 oportebit,
865 489 991 550 subinde
1018 492 1107 550 etiam

89 579 275 658 gargarizare
298 575 343 637 lac
366 577 500 654 tepidum
529 586 580 638 aut
607 596 741 638 umorem
769 580 882 639 tisanae
911 588 962 639 aut
992 597 1107 660 aquarn,

62 670 120 728 sin
144 685 202 745 qua
226 666 358 726 furfures
382 665 509 744 siliginis
531 666 745 741 deferbuerint,
769 667 815 728 vel
839 685 946 746 aquam
966 687 1002 728 ex
1021 667 1106 728 faeno

89 774 197 834 graeco
212 755 373 815 decoctam.
403 753 642 816 Sorbitiunculac
657 774 776 835 quoque
790 764 925 836 prosunt,
941 775 1016 836 quae
1031 757 1107 817 fiunt
1128 771 1160 820 18

92 863 128 903 ex
153 844 249 904 amulo
273 843 318 903 vel
342 845 435 904 tisana
461 843 505 903 vel
528 862 622 922 oryza.
668 845 712 904 Ad
736 844 835 905 ulcera
860 848 891 906 in
916 845 1038 906 naribus
1062 863 1106 906 se·
1128 861 1159 910 la

93 931 189 992 danda
206 931 318 1011 plumbi
337 940 463 1013 stercus,
484 932 564 1011 quod
583 935 698 993 scorian
719 933 830 1015 dicunt,
850 953 886 994 ex
905 937 973 995 vino
992 943 1106 1015 myrteo

92 1019 158 1080 oleo
177 1019 289 1081 vicibus
308 1021 422 1081 adiecto
441 1023 500 1082 teri
519 1029 645 1103 oportet,
669 1021 763 1083 donee
787 1025 916 1102 spissum
935 1024 994 1104 frat,
1018 1031 1048 1084 et
1065 1027 1105 1083 ita

47 1133 75 1172 ao
89 1108 214 1170 naribus
232 1109 415 1171 infundatur.
446 1110 529 1170 facit
544 1119 573 1170 et
587 1110 644 1170 hoc
657 1112 906 1172 medicamentum
920 1112 995 1172 bene
1010 1115 1107 1189 gravi·
1126 1129 1160 1178 ao

89 1198 154 1260 dini
173 1201 304 1259 narium:
323 1198 530 1277 Pompholygis
544 1198 570 1260 Χ
585 1198 624 1258 ΙΙΙ
640 1201 707 1259 vino
721 1198 847 1260 Falerno
866 1212 896 1260 et
910 1218 977 1260 rosa
991 1199 1106 1260 vicibus

90 1287 204 1348 adiecta
229 1296 377 1367 teruntur,
401 1288 494 1347 donec
519 1288 769 1348 medicamentum
792 1288 888 1347 mellis
909 1288 1016 1348 habeat
1034 1298 1106 1348 tem-

89 1377 286 1456 perationem,
305 1384 335 1436 et
353 1378 395 1436 ita
413 1376 535 1436 naribus
554 1376 695 1454 paulatim
714 1376 890 1436 infunditur.
925 1375 970 1436 td
989 1394 1107 1454 gravem
1127 1393 1160 1441 21

89 1464 213 1525 odorem
232 1466 357 1545 narium,
377 1483 515 1525 ozaenam
530 1465 636 1525 Graeci
652 1464 708 1525 hoc
729 1466 832 1525 vitium
852 1474 965 1545 vocant,
984 1465 1106 1542 prodest

49 1572 77 1614 as
92 1555 212 1632 egregie
240 1553 297 1614 hoc
320 1555 583 1615 medicamentum:
615 1555 773 1634 Aeruginis
797 1553 828 1615 P.
851 1553 864 1614 l
892 1561 944 1614 aut
966 1571 1106 1633 squamae

90 1645 169 1702 aeris
192 1642 223 1702 P.
243 1641 256 1700 l
279 1645 308 1702 in
332 1642 428 1702 mellis
452 1641 514 1703 P.l
542 1646 630 1722 coqui
658 1643 808 1722 oportebit
836 1651 866 1704 et
893 1662 928 1703 eo
959 1645 1005 1703 uti
1031 1643 1107 1702 adsi·

91 1731 150 1792 dua
174 1731 331 1792 infusione.
368 1732 412 1792 ad
436 1732 558 1811 polypos
582 1733 729 1792 sanandos
748 1735 824 1810 misy
843 1743 952 1811 ustum,
976 1731 1106 1792 chalciti-
1125 1747 1159 1796 22

90 1820 159 1880 dem
183 1828 294 1900 ustam,
323 1839 372 1880 aes
396 1832 511 1901 ustum,
534 1824 611 1882 aeris
635 1839 801 1900 squamam,
825 1820 947 1899 paribus
971 1820 1107 1900 ponderi-

89 1908 148 1969 bus
172 1911 281 1969 siccata
304 1908 378 1969 haec
402 1909 476 1969 bene
500 1917 580 1970 teres
604 1916 635 1969 et
658 1929 693 1970 eo
717 1910 839 1988 pulvere
861 1911 955 1970 uteris
974 1909 1106 1970 adsidue.

48 2018 76 2058 ao
91 1995 168 2067 Quia
196 2015 266 2058 vero
290 1997 466 2077 plerumque
494 2007 639 2058 vexantur
667 2016 755 2058 nares
778 1997 944 2078 gravidine,
971 2017 1047 2077 quae
1071 2017 1107 2057 ex
1126 2014 1159 2061 23

90 2104 197 2147 umore
221 2105 323 2146 earum
347 2087 486 2167 efficitur,
509 2104 569 2146 non
592 2086 721 2146 alienum
741 2096 787 2146 cst
806 2088 884 2146 scire
904 2088 968 2146 eius
988 2104 1106 2164 quoque

90 2177 138 2234 rel
160 2175 300 2235 remedia.
346 2175 471 2235 Prodest
494 2178 585 2254 igitur
609 2177 695 2253 quies
717 2177 807 2236 unius
831 2175 890 2235 diei
914 2183 944 2235 et
966 2173 1003 2234 ab
1026 2175 1108 2233 omni

91 2282 126 2324 re
145 2263 333 2342 abstinentia,
353 2264 583 2342 perunguendae
602 2264 795 2325 nihilominus
814 2282 902 2324 nares
921 2270 1011 2324 erunt
1030 2262 1107 2323 bitu-

91 2355 172 2414 mine
199 2353 312 2432 liquido
342 2361 393 2412 aut
420 2371 521 2414 murra
549 2362 643 2415 stacta
670 2353 716 2415 vel
739 2356 805 2433 pice
833 2353 958 2433 liquida,
986 2361 1106 2432 postero

49 2461 77 2503 ss
91 2450 192 2502 autem
215 2442 263 2502 die
287 2441 423 2520 pastillus
445 2442 523 2503 infra
546 2445 676 2523 scriptus
700 2446 731 2504 in
754 2451 873 2505 noctem
897 2461 988 2524 super
1007 2442 1107 2503 cibum

91 2530 207 2591 dandus
226 2533 284 2591 erit
301 2543 331 2591 et
347 2533 372 2591 si
387 2549 462 2609 opus
478 2532 577 2613 fuerit,
596 2551 650 2611 per
664 2533 797 2594 triduum
813 2535 987 2593 continuum
1003 2531 1106 2591 eodem

92 2629 227 2698 tempore
256 2619 388 2701 dabitur,
419 2622 471 2699 qui
499 2624 607 2700 recipit
634 2622 720 2683 haee:
757 2623 825 2701 Apii
853 2624 975 2683 seminis
999 2620 1024 2681 Χ
1044 2618 1107 2698 llll,

91 2710 169 2768 anisi
187 2707 213 2767 Χ
232 2707 281 2788 lll,
305 2709 408 2769 alterci
427 2712 558 2790 seminis,
578 2711 657 2788 quod
676 2711 868 2790 hyoscyamos
889 2711 1007 2788 dicitur,
1026 2707 1052 2768 Χ
1072 2707 1106 2786 ll,

91 2799 152 2876 opii
181 2797 336 2857 denarium
365 2798 529 2858 dimidium.
575 2797 666 2857 Fiunt
695 2807 793 2858 autem
827 2797 937 2876 pastilli
964 2797 1106 2874 ponderis

48 2905 77 2945 so
91 2888 241 2947 victoriati
264 2895 293 2946 ct
317 2886 366 2946 alii
389 2887 477 2944 tertia
500 2893 585 2962 parte
612 2885 757 2964 detracta,
785 2886 893 2945 dantur
922 2903 990 2944 cum
1013 2902 1107 2960 aquae

91 2975 207 3056 cyathis
232 2975 336 3036 tribus.
383 2973 509 3032 faciunt
532 2979 631 3032 autem
657 2981 687 3032 et
710 2972 746 3031 ad
771 2972 925 3031 oculorum
949 2970 1107 3048 epiphoras

92 3072 124 3125 et
147 3064 292 3124 stomachi
315 3081 455 3124 nauseam
479 3072 509 3122 et
533 3059 765 3121 deiectiunculas
788 3069 819 3119 et
841 3059 878 3118 ad
897 3076 1015 3118 omnem
1033 3057 1107 3117 fluo-

91 3171 167 3214 rem.
205 3152 297 3213 Sistet
320 3154 493 3232 sauguinem
518 3168 620 3211 sevum
644 3168 678 3210 ex
699 3155 818 3210 omento
842 3148 961 3228 pecoris
985 3145 1106 3206 naribus
1126 3160 1161 3208 at

166 3305 285 3360 toriae.
371 3306 516 3360 9adiecto
536 3322 587 3360 om.
674 3309 707 3359 10
726 3301 880 3374 gravidine.
964 3306 995 3355 17
1014 3299 1107 3354 misni.

94 3376 254 3432 ealcbitidia
277 3377 355 3432 ustae
381 3377 453 3432 aeria
482 3378 547 3433 usti.
639 3381 672 3431 18
695 3375 768 3430 aeria
793 3380 857 3429 ante
884 3389 1030 3442 squamam
1056 3388 1106 3426 om.

94 3453 130 3504 20
153 3465 219 3504 varo
245 3464 296 3504 om.
404 3455 437 3503 27
461 3446 564 3515 ΧΙΙΠ,
589 3446 660 3502 anisi
678 3445 704 3502 Χ
719 3445 772 3514 ΙΙΙ,
796 3445 895 3501 alterni
919 3443 1032 3499 seminis
1056 3459 1107 3500 om.

94 3525 129 3574 82
150 3519 359 3591 eiectiunculas,
378 3522 484 3575 correxi
502 3537 515 3574 e
534 3519 620 3576 aeto.
693 3523 728 3574 38
746 3519 830 3574 sistet
846 3523 898 3574 tm
913 3516 996 3574 s'xshht
1012 3521 1080 3574 bro.
