2438 3802
510 136 660 201 -236
711 173 747 182 -

72 318 105 366 23
215 302 343 363 Cornum
368 301 452 362 bovis
476 300 634 361 combures
658 318 693 360 ex
717 310 871 379 caparra,
896 319 952 378 qua
976 303 1069 379 capiti
1092 303 1145 364 ad-

124 392 241 473 haeret,
269 401 299 453 et
327 394 358 451 in
387 390 539 469 pulverem
567 389 775 449 tenuissimum
804 389 904 467 redige
929 400 1017 469 atquc
1043 410 1079 450 ex
1106 411 1144 453 eo

125 482 246 560 pulvere
270 480 414 542 coclearia
438 477 496 538 duo
521 495 588 537 oum
612 495 704 555 aquae
730 476 840 537 calidae
860 479 973 557 cyathis
992 478 1092 540 tribus
1114 490 1145 542 et

124 570 245 651 paululo
269 571 345 630 aceti
367 570 468 627 ieiuno
492 565 648 644 splenitico
674 585 729 644 per
752 567 885 627 triduum
908 567 945 626 da
968 566 1146 630 bibendum.

71 674 105 721 24
214 658 396 737 Cataplasma
416 655 452 715 ad
468 654 609 734 splenem,
629 655 707 733 quod
723 655 878 715 Ianuarius
893 656 1026 717 medicus
1041 666 1173 718 osten-s

125 749 181 828 dit,
207 750 263 807 sic:
287 744 424 824 Pyrethri
449 777 487 785 -
508 742 557 823 ΙΙΙ,
580 743 762 822 myrobalani
788 777 826 786 —
847 743 896 825 ΙΙΙ,
921 748 1005 822 grani
1028 747 1146 826 sinapis

127 870 165 879 -
189 836 243 915 ΙΙΙ,
268 833 447 894 cardamomi
471 865 513 874 -
532 831 585 912 ΙΙΙ,
608 834 723 893 urticae
748 835 869 893 seminis
892 867 936 876 —
955 833 1004 914 ill,
1027 836 1146 914 piperis

129 958 166 968 —
188 923 235 983 lll.
277 921 356 982 Haeo
385 924 482 982 omnia
511 928 591 980 teres
615 929 645 981 et
669 920 813 981 cribrabis
837 921 995 1001 diligenter
1019 932 1049 983 et
1073 943 1146 984 cum

127 1021 210 1074 aceto
235 1011 370 1072 scillitico
394 1009 598 1090 permiscebiS,
622 1017 655 1070 ut
678 1028 771 1070 unum
795 1029 904 1089 corpus
928 1011 1027 1091 iacias,
1051 1020 1145 1092 atque

126 1103 196 1163 inde
225 1100 402 1179 cataplasma
430 1102 462 1159 in
489 1117 587 1179 panno
616 1099 708 1159 denso
737 1117 826 1177 supra
851 1099 983 1178 splenem
1006 1103 1145 1182 inpones,
1160 1115 1184 1155 1⁰

129 1193 180 1252 sed
205 1192 289 1270 prius
312 1190 412 1249 locum
430 1191 538 1268 ipsum,
562 1189 611 1248 oui
632 1187 817 1247 medicamen
835 1190 1021 1266 inposituros
1040 1208 1082 1270 es,
1107 1209 1146 1251 ex

128 1283 206 1341 nitro
236 1297 311 1358 aqua
339 1281 465 1339 remisso
494 1276 617 1357 lavabis,
647 1279 688 1336 ita
718 1285 752 1336 ut
781 1294 885 1354 spuma
913 1277 959 1337 vel
990 1279 1144 1356 pinguedo

127 1371 200 1430 nitri
222 1368 282 1428 illic
306 1367 472 1428 adhaereat.

74 1470 107 1518 25
217 1456 400 1536 Cataplasma
428 1456 464 1516 ad
493 1455 625 1533 splenem
654 1457 691 1516 de
719 1459 922 1535 experimento
954 1459 1010 1517 sic:
1043 1456 1143 1519 hlium

126 1546 268 1627 purgabis
292 1553 322 1606 et
345 1553 412 1606 ante
437 1545 515 1604 diem
539 1545 570 1603 in
589 1552 706 1605 acetum
726 1548 904 1605 acerrimum
923 1545 1063 1606 infundes
1082 1566 1144 1608 ma·
1160 1557 1184 1598 1⁵

126 1645 208 1717 ture3
238 1653 306 1696 cum
335 1636 489 1712 positurus
517 1634 590 1712 eris,
618 1640 698 1694 teres
728 1653 795 1694 cum
824 1637 888 1712 ipso
912 1641 1009 1715 aceto,
1035 1635 1082 1695 vel
1106 1636 1144 1696 de

127 1733 211 1787 aceto
232 1723 390 1803 sublatum,
409 1725 450 1782 ita
470 1729 503 1782 ut
522 1723 651 1800 spissum
672 1724 719 1802 sit,
740 1725 818 1784 sicut
833 1723 1009 1802 cataplasma
1025 1731 1054 1783 et
1069 1727 1145 1804 tepi-

128 1816 198 1875 dum
224 1832 314 1893 supra
338 1811 471 1890 splenem
495 1810 626 1889 adpones
650 1819 680 1871 et
703 1811 792 1871 iascia
816 1811 979 1889 conligabis
998 1821 1028 1872 et
1047 1815 1145 1873 uteris

127 1922 223 1981 usquc
243 1903 278 1962 ad
297 1902 386 1962 horas
405 1900 536 1981 prandii3
555 1901 611 1960 hoc
632 1902 658 1960 si
676 1900 776 1960 triduo
796 1903 937 1961 continuo
953 1919 1025 1961 usus
1040 1901 1145 1983 tuens,

126 1995 236 2052 mirum
260 1991 425 2052 remedium
448 1992 621 2071 experieris,
645 1989 696 2049 sed
720 1991 862 2068 patientia
881 2008 956 2068 opus
975 1998 1022 2049 est
1041 1991 1145 2051 adver·
1159 2004 1184 2044 2⁰

127 2100 193 2142 sum
217 2082 277 2141 vim
300 2080 513 2158 medicaminis,
538 2078 618 2157 quod
641 2078 708 2157 plus
732 2078 875 2159 proderit,
899 2081 925 2138 si
947 2088 1050 2158 postea
1072 2080 1144 2140 bali-

129 2172 194 2230 neis
217 2171 312 2230 utaris
336 2178 366 2228 et
388 2171 419 2229 in
443 2167 516 2227 solio
541 2167 634 2228 calido
658 2167 710 2227 diu
734 2167 868 2227 fovearis.

76 2271 110 2319 26
218 2256 334 2317 Herbae
359 2256 538 2334 cyclaminiS,
562 2274 637 2334 quae
661 2254 838 2315 orbicularis
863 2255 1035 2337 appellatur,
1059 2257 1145 2318 radix

130 2363 275 2422 suspensa
298 2342 383 2422 collo,
405 2345 446 2402 ita
470 2351 630 2403 utcontra
654 2342 762 2402 lienem
786 2342 934 2404 dolentem
959 2346 998 2404 sit
1016 2344 1145 2428 alligata,

75 2445 110 2494 27
130 2433 292 2492 efficaciter
310 2431 456 2491 medetur.
487 2429 573 2490 Porri
591 2432 734 2508 primitivi
753 2434 857 2491 sectivi
876 2451 967 2493 sucus
982 2451 1143 2511 expressus
1158 2447 1184 2488 2⁶

129 2527 159 2580 et
193 2526 276 2579 aceto
304 2521 370 2597 pari
396 2536 537 2578 mensura
565 2521 708 2579 inmixtus
737 2519 955 2601 absorptusque
984 2541 1000 2581 a
1028 2522 1142 2584 lienoso

74 2623 108 2671 ‘28
128 2610 246 2687 saepius
272 2607 404 2685 prodest.
451 2606 656 2686 Chamaepitys
680 2625 747 2667 cum
772 2610 915 2687 oxymelle
940 2619 970 2670 et
993 2610 1142 2672 absinthio

127 2695 249 2777 paribus
277 2697 427 2756 mensuris
456 2695 577 2756 decocta
606 2705 636 2756 et
664 2699 750 2775 potui
781 2697 848 2758 data
879 2699 993 2759 utiliter
1019 2700 1143 2761 lienosis

73 2799 107 2848 29
128 2786 268 2846 occurrit.
305 2784 404 2845 Herba
428 2783 583 2866 salutaris*
597 2784 628 2844 id
652 2793 699 2846 est
722 2788 806 2865 spina
830 2787 903 2868 alba,
928 2807 985 2867 qua
1004 2788 1142 2850 Christus

127 2882 287 2937 coronatus
310 2883 369 2954 est,
398 2892 473 2953 quae
497 2873 578 2935 velut
601 2893 687 2935 uvam
716 2875 818 2956 habet,
846 2875 955 2936 lienem
978 2876 1087 2938 leniter
1111 2881 1142 2938 in
1157 2890 1183 2931 ⁸0

73 2978 107 3027 30
127 2965 231 3026 eodem
254 2964 319 3025 loco
342 2964 501 3044 perfricata
525 2963 647 3024 sanabit.
685 2962 763 3044 Equi
785 2964 886 3042 lingua
909 2965 1037 3026 arelacta
1057 2975 1086 3027 et
1106 2967 1143 3027 ad

127 3055 276 3116 levitatem
299 3055 368 3113 trita
388 3060 476 3132 atquc
496 3071 531 3113 ex
551 3055 618 3112 vino
637 3055 722 3130 potui
740 3053 807 3112 data
824 3055 963 3130 protinus
982 3055 1142 3117 utilitatem

127 3162 211 3205 suam
235 3141 336 3202 sedato
359 3141 446 3201 lienis
470 3140 571 3201 dolore
594 3140 771 3200 manifestat.

74 3243 107 3292 31
217 3231 339 3292 Stercus
363 3229 509 3290 mulinum
533 3246 601 3288 oum
624 3228 768 3307 oxymelle
791 3229 912 3290 lienosis
937 3233 1022 3310 potui
1040 3233 1142 3294 datum

74 3332 107 3380 32
128 3319 245 3380 dolores
260 3319 421 3379 efficaciter
436 3316 520 3377 tollit.
544 3315 684 3376 Hiroinus
700 3316 783 3394 splen
799 3317 920 3398 calidus,
935 3319 965 3379 id
981 3329 1027 3380 est
1041 3325 1141 3383 statim
1157 3333 1183 3375 ³⁵

219 3512 252 3560 14
270 3504 367 3560 ollium
388 3505 549 3562 avenarios.
