2438 3802
507 180 545 190 —
594 143 748 209 308-

67 322 100 371 14
120 310 187 389 quis
209 307 315 388 laqueo
339 311 428 370 vitam
446 309 566 368 finierit.
600 306 704 368 Colum
723 312 807 367 sanat
825 322 893 365 cum
912 303 1015 382 pinnis
1036 319 1149 381 upupa

119 405 223 459 exusta
242 405 272 458 et
291 417 326 458 ex
347 400 415 459 vino
434 399 510 458 cinis
529 399 594 458 eius
612 397 698 475 potui
714 395 815 474 datus3
834 391 1032 453 hirundinum
1050 393 1150 453 etiam

120 495 236 549 stercus
255 489 286 548 in
306 487 372 548 cibo
392 485 437 547 vel
456 488 487 546 in
505 493 578 564 potu
598 493 750 564 sumptum
766 483 874 545 tribuit
887 480 951 543 colo
967 482 1148 543 sanitatem.

69 588 102 638 15
210 575 274 637 an
297 575 463 637 antidotum
484 576 546 635 sive
566 576 748 654 oxyporinm,
772 571 852 652 quod
871 570 997 648 bulagos
1016 569 1150 653 dieitur,

120 666 190 727 facit
223 664 260 724 ad
295 664 352 724 eoli
382 663 549 725 inflationes
577 671 608 723 et
635 662 671 723 ad
701 662 910 741 digestionem,
940 658 1022 719 unde
1054 675 1176 721 manea

120 756 239 814 ieiunus
268 754 396 831 accipies
424 754 571 831 catapotia
596 753 653 811 tria
676 751 881 830 magnitudine
905 748 990 826 grani
1014 749 1148 827 piperis

120 841 285 901 Conficitur
307 843 364 902 sic:
400 839 531 919 Nepetae
561 870 595 886 -
616 839 670 919 lll,
693 839 774 919 pulei
796 840 906 900 veteris
930 835 1045 917 -111,
1071 837 1150 918 liby-

122 930 190 989 stici
214 930 336 989 seminis
357 962 396 972 -
417 928 480 1011 llll,
503 929 671 1009 petrosilini
692 962 730 972 -
751 929 773 1010 1,
797 930 856 1007 apii
880 926 1001 988 seminis
1021 959 1072 970 —-
1088 928 1103 988 Ι
1119 928 1149 1008 8,

119 1017 212 1096 thymi
239 1049 277 1060 -
298 1017 325 1099 Ι,
352 1020 465 1098 piperis
492 1051 529 1062 -
550 1017 601 1100 Vl,
628 1017 724 1078 mellis
753 1019 858 1098 optimi
885 1034 945 1078 non
968 1015 1150 1094 despumati

120 1106 198 1186 qnod
228 1107 358 1168 sufficiat
385 1109 421 1168 ad
450 1106 707 1187 concorporandas
734 1115 764 1168 et
786 1103 995 1188 temperandas
1019 1108 1148 1183 species
1163 1125 1186 1164 ιο

119 1195 266 1256 adicietur
285 1204 319 1257 et
343 1199 374 1258 in
397 1196 476 1258 dolio
500 1200 595 1258 vitreo
614 1197 760 1257 condetur
779 1195 835 1258 sub
855 1193 1007 1274 signaculo
1027 1191 1148 1257 haben·

120 1285 200 1366 dum,
216 1287 294 1346 sicut
307 1304 522 1366 usquequaque
538 1285 642 1347 baberi
656 1284 766 1346 debent
779 1287 919 1346 universa
933 1283 1147 1346 medicamina.

67 1386 100 1436 16
208 1374 253 1434 Ad
277 1375 356 1435 ileon
381 1375 427 1435 vel
450 1375 548 1437 colum
571 1375 660 1435 bacas
683 1373 757 1435 lauri
782 1381 849 1435 octo
874 1371 1013 1435 conoides
1037 1382 1073 1433 et
1096 1393 1147 1434 co·

123 1481 198 1542 ques
220 1465 252 1522 in
276 1465 338 1523 vini
361 1463 514 1524 subdulcis
538 1463 652 1543 cyathis
675 1463 772 1524 trihus
796 1473 826 1524 et
849 1462 1024 1524 calefactum
1047 1480 1088 1523 ex
1110 1481 1148 1523 eo

72 1565 103 1614 17
123 1551 264 1630 poculum
283 1553 383 1613 ieiuno
402 1551 565 1613 bibendum
583 1552 675 1613 dahis.
706 1552 793 1614 Croci
808 1545 847 1639 β
862 1551 898 1633 11,
915 1568 1033 1630 myrrae
1049 1543 1095 1637 y·
1111 1551 1186 1632 11,1a

123 1643 183 1720 opii
203 1633 242 1726 9·
262 1639 288 1722 13
313 1641 427 1721 singula
447 1659 582 1721 quaeque
601 1648 681 1701 teres
701 1645 859 1721 separatim
878 1647 908 1701 et
926 1646 1031 1718 postea
1050 1641 1148 1703 simul

122 1738 223 1808 parata
251 1732 282 1790 in
311 1748 387 1809 aqua
414 1729 555 1791 miscebis
583 1737 672 1808 atque
697 1732 729 1790 in
752 1731 873 1791 modum
896 1728 980 1789 fabae
1003 1730 1148 1807 pastillos

124 1817 218 1878 iactos
250 1820 282 1879 in
315 1835 404 1879 anum
432 1821 551 1894 inicies‚
580 1820 656 1880 mire
684 1819 748 1880 colo
777 1817 967 1880 remediando
995 1818 1148 1895 proderit.

69 1920 102 1970 18
123 1906 277 1968 Saturniae
301 1907 438 1969 surculos
456 1907 483 1968 X
501 1908 588 1970 tolles
611 1907 708 1969 tribus
731 1908 840 1988 digitis,
864 1914 1002 1968 conteres
1022 1914 1052 1966 et
1073 1910 1148 1968 vino

120 1996 244 2056 Amineo
269 1997 386 2058 sincero
409 1999 518 2059 mixtos
542 1997 606 2060 colo
625 1996 772 2058 laboranti
795 1996 878 2058 dabis
901 1994 1056 2077 bibendos,
1084 2001 1148 2060 sin·
1162 2013 1186 2054 m

121 2103 225 2147 cerum
249 2087 301 2164 qui
324 2086 435 2148 biberit
458 2090 629 2166 experietur
651 2087 825 2147 remedium.

72 2186 104 2236 19
213 2173 311 2234 Publii
333 2176 469 2253 pastillus
493 2176 619 2237 colicus:
646 2175 715 2254 Apii
738 2176 859 2237 seminis
882 2175 1041 2255 heminam,
1066 2174 1148 2237 ieni-

122 2261 182 2324 cnli
213 2264 335 2322 seminis
365 2265 562 2346 quartarium,
589 2265 702 2345 piperis
730 2283 821 2342 grana
844 2261 963 2344 XXVII,
991 2266 1147 2326 satureiae

121 2351 204 2410 lloris
227 2349 273 2408 vel
297 2352 419 2410 seminis
443 2353 641 2432 quartarium3
665 2355 763 2412 omnia
785 2352 859 2413 haee
880 2350 1039 2431 diligenter
1059 2359 1148 2415 teres

122 2446 152 2498 et
176 2434 316 2497 eriblabis
340 2444 370 2496 et
393 2456 462 2497 cum
484 2440 588 2517 pipere
611 2438 688 2500 bene
707 2442 778 2500 trito
798 2441 1006 2522 permiscebis3
1031 2441 1146 2504 deinde
1160 2457 1186 2499 rs

121 2527 154 2586 in
182 2525 324 2584 mortario
353 2528 451 2586 omnia
479 2528 592 2604 pariter
619 2546 688 2588 cnm
711 2530 779 2588 vino
803 2538 903 2590 vetere
927 2536 1072 2609 quantum
1100 2531 1146 2592 di·

121 2613 262 2692 ligentius
286 2620 366 2674 teres
390 2622 420 2675 et
442 2615 533 2676 facies
556 2616 689 2696 pastillos
713 2615 777 2699 XV,
807 2637 882 2697 qnos
906 2618 1046 2699 siccabis3
1070 2638 1146 2682 cum

123 2703 227 2764 siccati
250 2702 376 2785 fuerint,
404 2705 535 2784 singulos
558 2706 690 2786 pastillos
714 2706 772 2768 coli
795 2707 896 2768 dolore
920 2707 1067 2768 laboranti
1092 2709 1145 2770 da·

122 2789 169 2853 bis
194 2791 306 2854 solutos
330 2795 362 2854 in
385 2797 480 2855 ternis
504 2795 617 2875 cyathis
640 2797 702 2857 vini
726 2799 835 2858 veteris
859 2796 958 2879 calidi,
985 2796 1037 2857 sed
1061 2796 1144 2860 bene

123 2899 174 2942 eos
195 2882 299 2965 solves,
317 2891 352 2945 ut
370 2891 466 2945 totum
486 2883 566 2945 ebibi
584 2888 692 2968 possit3
716 2885 825 2967 pastilli
847 2893 945 2946 antem
965 2886 1046 2965 paris
1065 2905 1144 2965 pon·
1158 2901 1185 2944 ao

122 2970 202 3032 deris
226 2990 291 3034 esse
315 2972 433 3037 debent.

70 3072 104 3121 20
214 3060 318 3122 Salicis
341 3062 480 3124 foliorum
504 3062 654 3142 dragmam
675 3082 743 3125 eum
762 3065 875 3143 piperis
894 3064 994 3141 granis
1014 3061 1084 3123 XXI
1105 3083 1144 3127 ex

122 3150 191 3209 vino
215 3150 373 3230 diligenter
397 3159 476 3212 teres
500 3161 530 3213 et
553 3152 652 3213 triduo
676 3159 738 3213 tres
761 3154 898 3232 potiones
922 3170 959 3212 ex
980 3169 1015 3211 eo
1034 3151 1144 3217 biben-

213 3304 363 3374 1ubpnpa.
423 3303 652 3358 dhernndinum.
712 3305 818 3373 bpnto
838 3307 975 3374 sumptus.
1038 3305 1144 3362 tribi-

124 3370 195 3426 ttici.
305 3378 340 3429 20
359 3375 546 3430 coloraborati
564 3379 580 3430 1
586 3391 613 3431 m
631 3390 701 3431 corr.
720 3379 781 3431 2m.
871 3381 905 3430 22
924 3375 1019 3431 Publii
1037 3377 1145 3446 pastil-

155 3457 167 3495 s
191 3442 309 3516 colicus]
333 3444 395 3500 folii
438 3445 547 3501 astillos
571 3445 650 3503 dnos.
776 3448 811 3500 25
835 3447 864 3501 et
886 3450 947 3502 tum
965 3447 1048 3517 piper
1066 3449 1144 3506 bene

155 3509 227 3568 itum.
302 3520 337 3570 30
353 3464 496 3586 ponderis.
