<?xml version="1.0" encoding="UTF-8"?>
<!DOCTYPE html PUBLIC "-//W3C//DTD XHTML 1.0 Transitional//EN"
    "http://www.w3.org/TR/xhtml1/DTD/xhtml1-transitional.dtd">
<html xmlns="http://www.w3.org/1999/xhtml" xml:lang="en" lang="en">
 <head>
  <title>
</title>
<meta http-equiv="Content-Type" content="text/html;charset=utf-8" />
  <meta name='ocr-system' content='tesseract 3.04.00' />
  <meta name='ocr-capabilities' content='ocr_page ocr_carea ocr_par ocr_line ocrx_word'/>
</head>
<body>
  <div class='ocr_page' id='page_1' title='image "./marcellidemedic01helmgoog_0318.png"; bbox 0 0 2438 3802; ppageno 0'>
   <div class='ocr_carea' id='block_1_1' title="bbox 492 167 734 232">
    <p class='ocr_par' dir='ltr' id='par_1_1' title="bbox 492 167 734 232">
     <span class='ocr_line' id='line_1_1' title="bbox 492 167 734 232; baseline 0 0"><span class='ocrx_word' id='word_1_1' title='bbox 492 167 734 232; x_wconf 78' lang='lat'>-307-</span> 
     </span>
    </p>
   </div>
   <div class='ocr_carea' id='block_1_2' title="bbox 62 327 1192 3249">
    <p class='ocr_par' dir='ltr' id='par_1_2' title="bbox 62 327 1192 3249">
     <span class='ocr_line' id='line_1_2' title="bbox 106 327 1119 413; baseline 0.003 -24"><span class='ocrx_word' id='word_1_2' title='bbox 106 329 190 407; x_wconf 82' lang='lat' dir='ltr'><strong>cypri</strong></span> <span class='ocrx_word' id='word_1_3' title='bbox 213 327 239 388; x_wconf 99' lang='lat' dir='ltr'>X</span> <span class='ocrx_word' id='word_1_4' title='bbox 257 327 320 408; x_wconf 89' lang='lat' dir='ltr'>IHI,</span> <span class='ocrx_word' id='word_1_5' title='bbox 343 328 449 409; x_wconf 80' lang='lat' dir='ltr'>hysopi</span> <span class='ocrx_word' id='word_1_6' title='bbox 467 328 492 389; x_wconf 93' lang='lat' dir='ltr'>X</span> <span class='ocrx_word' id='word_1_7' title='bbox 511 329 574 411; x_wconf 97' lang='lat' dir='ltr'>IIII,</span> <span class='ocrx_word' id='word_1_8' title='bbox 597 329 678 408; x_wconf 92' lang='lat' dir='ltr'><strong>pulei</strong></span> <span class='ocrx_word' id='word_1_9' title='bbox 697 329 805 410; x_wconf 92' lang='lat' dir='ltr'>XIIII,</span> <span class='ocrx_word' id='word_1_10' title='bbox 828 330 996 409; x_wconf 81' lang='lat' dir='ltr'><strong>petrosilini</strong></span> <span class='ocrx_word' id='word_1_11' title='bbox 1015 331 1119 413; x_wconf 93' lang='lat' dir='ltr'>XIIII,</span> 
     </span>
     <span class='ocr_line' id='line_1_3' title="bbox 105 416 1119 500; baseline 0.003 -23"><span class='ocrx_word' id='word_1_12' title='bbox 105 417 241 478; x_wconf 91' lang='lat' dir='ltr'><strong>holisatri</strong></span> <span class='ocrx_word' id='word_1_13' title='bbox 264 416 370 498; x_wconf 90' lang='lat' dir='ltr'>XIIII,</span> <span class='ocrx_word' id='word_1_14' title='bbox 394 418 481 479; x_wconf 91' lang='lat' dir='ltr'><strong>dauci</strong></span> <span class='ocrx_word' id='word_1_15' title='bbox 500 417 590 500; x_wconf 95' lang='lat' dir='ltr'>XVI,</span> <span class='ocrx_word' id='word_1_16' title='bbox 613 421 673 498; x_wconf 90' lang='lat' dir='ltr'><strong>apii</strong></span> <span class='ocrx_word' id='word_1_17' title='bbox 695 420 817 479; x_wconf 91' lang='lat' dir='ltr'><strong>seminis</strong></span> <span class='ocrx_word' id='word_1_18' title='bbox 836 418 928 499; x_wconf 91' lang='lat' dir='ltr'>XVI,</span> <span class='ocrx_word' id='word_1_19' title='bbox 950 422 1119 499; x_wconf 79' lang='lat' dir='ltr'><strong>pastinacae</strong></span> 
     </span>
     <span class='ocr_line' id='line_1_4' title="bbox 107 505 1119 591; baseline 0.003 -25"><span class='ocrx_word' id='word_1_20' title='bbox 107 508 228 567; x_wconf 92' lang='lat' dir='ltr'><strong>seminis</strong></span> <span class='ocrx_word' id='word_1_21' title='bbox 248 505 274 566; x_wconf 93' lang='lat' dir='ltr'>X</span> <span class='ocrx_word' id='word_1_22' title='bbox 291 505 337 588; x_wconf 95' lang='lat' dir='ltr'><strong>VI,</strong></span> <span class='ocrx_word' id='word_1_23' title='bbox 361 507 483 569; x_wconf 83' lang='lat' dir='ltr'><strong>feniculi</strong></span> <span class='ocrx_word' id='word_1_24' title='bbox 502 509 624 568; x_wconf 89' lang='lat' dir='ltr'><strong>seminis</strong></span> <span class='ocrx_word' id='word_1_25' title='bbox 643 507 668 567; x_wconf 88' lang='lat' dir='ltr'>X</span> <span class='ocrx_word' id='word_1_26' title='bbox 687 506 733 589; x_wconf 90' lang='lat' dir='ltr'><strong>VI,</strong></span> <span class='ocrx_word' id='word_1_27' title='bbox 757 507 873 570; x_wconf 91' lang='lat' dir='ltr'><strong>arotelli</strong></span> <span class='ocrx_word' id='word_1_28' title='bbox 891 510 1013 570; x_wconf 87' lang='lat' dir='ltr'><strong>seminis</strong></span> <span class='ocrx_word' id='word_1_29' title='bbox 1032 507 1119 591; x_wconf 93' lang='lat' dir='ltr'>XVI,</span> 
     </span>
     <span class='ocr_line' id='line_1_5' title="bbox 106 594 1120 678; baseline 0.004 -24"><span class='ocrx_word' id='word_1_30' title='bbox 106 594 210 656; x_wconf 88' lang='lat' dir='ltr'><strong>altorci</strong></span> <span class='ocrx_word' id='word_1_31' title='bbox 229 596 351 656; x_wconf 90' lang='lat' dir='ltr'><strong>seminis</strong></span> <span class='ocrx_word' id='word_1_32' title='bbox 369 595 395 655; x_wconf 93' lang='lat' dir='ltr'>X</span> <span class='ocrx_word' id='word_1_33' title='bbox 414 595 460 676; x_wconf 95' lang='lat' dir='ltr'><strong>Vl,</strong></span> <span class='ocrx_word' id='word_1_34' title='bbox 481 598 595 657; x_wconf 89' lang='lat' dir='ltr'><strong>urticae</strong></span> <span class='ocrx_word' id='word_1_35' title='bbox 615 598 737 657; x_wconf 88' lang='lat' dir='ltr'><strong>seminis</strong></span> <span class='ocrx_word' id='word_1_36' title='bbox 755 595 781 656; x_wconf 94' lang='lat' dir='ltr'>X</span> <span class='ocrx_word' id='word_1_37' title='bbox 800 596 846 678; x_wconf 93' lang='lat' dir='ltr'><strong>VI,</strong></span> <span class='ocrx_word' id='word_1_38' title='bbox 869 597 977 658; x_wconf 83' lang='lat' dir='ltr'><strong>radicis</strong></span> <span class='ocrx_word' id='word_1_39' title='bbox 996 599 1027 657; x_wconf 93' lang='lat' dir='ltr'><strong>in</strong></span> <span class='ocrx_word' id='word_1_40' title='bbox 1047 616 1120 658; x_wconf 91' lang='lat' dir='ltr'><strong>cena</strong></span> 
     </span>
     <span class='ocr_line' id='line_1_6' title="bbox 79 684 1120 767; baseline 0.004 -25"><span class='ocrx_word' id='word_1_41' title='bbox 79 700 182 762; x_wconf 80' lang='lat' dir='ltr'><strong>oquae</strong></span> <span class='ocrx_word' id='word_1_42' title='bbox 209 684 407 745; x_wconf 79' lang='lat' dir='ltr'><strong>manducatur</strong></span> <span class='ocrx_word' id='word_1_43' title='bbox 435 687 557 746; x_wconf 91' lang='lat' dir='ltr'><strong>seminis</strong></span> <span class='ocrx_word' id='word_1_44' title='bbox 585 684 673 766; x_wconf 90' lang='lat' dir='ltr'><strong>XX,</strong></span> <span class='ocrx_word' id='word_1_45' title='bbox 706 684 830 746; x_wconf 88' lang='lat' dir='ltr'><strong>balsami</strong></span> <span class='ocrx_word' id='word_1_46' title='bbox 857 688 979 746; x_wconf 89' lang='lat' dir='ltr'><strong>seminis</strong></span> <span class='ocrx_word' id='word_1_47' title='bbox 1006 685 1032 746; x_wconf 93' lang='lat' dir='ltr'>X</span> <span class='ocrx_word' id='word_1_48' title='bbox 1056 685 1120 767; x_wconf 96' lang='lat' dir='ltr'>IIII,</span> 
     </span>
     <span class='ocr_line' id='line_1_7' title="bbox 107 772 1120 856; baseline 0.004 -24"><span class='ocrx_word' id='word_1_49' title='bbox 107 772 249 852; x_wconf 79' lang='lat' dir='ltr'><strong>cachryos</strong></span> <span class='ocrx_word' id='word_1_50' title='bbox 272 775 394 834; x_wconf 90' lang='lat' dir='ltr'><strong>seminis</strong></span> <span class='ocrx_word' id='word_1_51' title='bbox 418 772 535 856; x_wconf 93' lang='lat' dir='ltr'>XIIII,</span> <span class='ocrx_word' id='word_1_52' title='bbox 564 777 626 835; x_wconf 89' lang='lat' dir='ltr'><strong>ervi</strong></span> <span class='ocrx_word' id='word_1_53' title='bbox 651 773 709 834; x_wconf 94' lang='lat' dir='ltr'><strong>albi</strong></span> <span class='ocrx_word' id='word_1_54' title='bbox 733 775 844 835; x_wconf 86' lang='lat' dir='ltr'><strong>tarinae</strong></span> <span class='ocrx_word' id='word_1_55' title='bbox 867 773 893 834; x_wconf 96' lang='lat' dir='ltr'>X</span> <span class='ocrx_word' id='word_1_56' title='bbox 916 774 983 856; x_wconf 94' lang='lat' dir='ltr'>IIII,</span> <span class='ocrx_word' id='word_1_57' title='bbox 1007 777 1120 855; x_wconf 82' lang='lat' dir='ltr'><strong>piperis</strong></span> 
     </span>
     <span class='ocr_line' id='line_1_8' title="bbox 106 860 1120 944; baseline 0.004 -24"><span class='ocrx_word' id='word_1_58' title='bbox 106 860 166 920; x_wconf 93' lang='lat' dir='ltr'><strong>albi</strong></span> <span class='ocrx_word' id='word_1_59' title='bbox 189 860 214 921; x_wconf 92' lang='lat' dir='ltr'>X</span> <span class='ocrx_word' id='word_1_60' title='bbox 233 860 278 940; x_wconf 97' lang='lat' dir='ltr'><strong>VI,</strong></span> <span class='ocrx_word' id='word_1_61' title='bbox 302 864 415 941; x_wconf 91' lang='lat' dir='ltr'><strong>piperis</strong></span> <span class='ocrx_word' id='word_1_62' title='bbox 437 862 518 941; x_wconf 84' lang='lat' dir='ltr'><strong>longi</strong></span> <span class='ocrx_word' id='word_1_63' title='bbox 537 862 562 922; x_wconf 94' lang='lat' dir='ltr'>X</span> <span class='ocrx_word' id='word_1_64' title='bbox 581 863 627 944; x_wconf 92' lang='lat' dir='ltr'><strong>VI,</strong></span> <span class='ocrx_word' id='word_1_65' title='bbox 652 865 731 924; x_wconf 91' lang='lat' dir='ltr'><strong>carei</strong></span> <span class='ocrx_word' id='word_1_66' title='bbox 750 862 775 922; x_wconf 95' lang='lat' dir='ltr'>X</span> <span class='ocrx_word' id='word_1_67' title='bbox 793 863 840 943; x_wconf 96' lang='lat' dir='ltr'><strong>VI,</strong></span> <span class='ocrx_word' id='word_1_68' title='bbox 863 870 948 924; x_wconf 91' lang='lat' dir='ltr'><strong>rutae</strong></span> <span class='ocrx_word' id='word_1_69' title='bbox 970 863 1120 925; x_wconf 89' lang='lat' dir='ltr'><strong>silvaticae</strong></span> 
     </span>
     <span class='ocr_line' id='line_1_9' title="bbox 106 950 1119 1032; baseline 0.004 -23"><span class='ocrx_word' id='word_1_70' title='bbox 106 952 228 1010; x_wconf 91' lang='lat' dir='ltr'><strong>seminis</strong></span> <span class='ocrx_word' id='word_1_71' title='bbox 252 950 363 1032; x_wconf 92' lang='lat' dir='ltr'>XIIII,</span> <span class='ocrx_word' id='word_1_72' title='bbox 390 951 530 1013; x_wconf 92' lang='lat' dir='ltr'><strong>bacarum</strong></span> <span class='ocrx_word' id='word_1_73' title='bbox 553 952 630 1012; x_wconf 91' lang='lat' dir='ltr'><strong>lauri</strong></span> <span class='ocrx_word' id='word_1_74' title='bbox 654 950 748 1032; x_wconf 91' lang='lat' dir='ltr'>XVI,</span> <span class='ocrx_word' id='word_1_75' title='bbox 777 954 885 1013; x_wconf 91' lang='lat' dir='ltr'><strong>amomi</strong></span> <span class='ocrx_word' id='word_1_76' title='bbox 908 951 1006 1031; x_wconf 93' lang='lat' dir='ltr'>XIII,</span> <span class='ocrx_word' id='word_1_77' title='bbox 1030 953 1119 1013; x_wconf 90' lang='lat' dir='ltr'><strong>malo·</strong></span> 
     </span>
     <span class='ocr_line' id='line_1_10' title="bbox 104 1037 1121 1122; baseline 0.003 -24"><span class='ocrx_word' id='word_1_78' title='bbox 104 1037 205 1099; x_wconf 85' lang='lat' dir='ltr'><strong>bathri</strong></span> <span class='ocrx_word' id='word_1_79' title='bbox 227 1037 253 1099; x_wconf 92' lang='lat' dir='ltr'>X</span> <span class='ocrx_word' id='word_1_80' title='bbox 271 1039 318 1120; x_wconf 92' lang='lat' dir='ltr'><strong>VI,</strong></span> <span class='ocrx_word' id='word_1_81' title='bbox 340 1058 457 1120; x_wconf 90' lang='lat' dir='ltr'><strong>myrrae</strong></span> <span class='ocrx_word' id='word_1_82' title='bbox 481 1040 506 1101; x_wconf 93' lang='lat' dir='ltr'>X</span> <span class='ocrx_word' id='word_1_83' title='bbox 524 1039 569 1120; x_wconf 92' lang='lat' dir='ltr'><strong>VI,</strong></span> <span class='ocrx_word' id='word_1_84' title='bbox 593 1042 669 1102; x_wconf 92' lang='lat' dir='ltr'><strong>turis</strong></span> <span class='ocrx_word' id='word_1_85' title='bbox 689 1039 715 1100; x_wconf 93' lang='lat' dir='ltr'>X</span> <span class='ocrx_word' id='word_1_86' title='bbox 733 1039 779 1121; x_wconf 94' lang='lat' dir='ltr'><strong>VI,</strong></span> <span class='ocrx_word' id='word_1_87' title='bbox 802 1043 898 1107; x_wconf 90' lang='lat' dir='ltr'><strong>casiae</strong></span> <span class='ocrx_word' id='word_1_88' title='bbox 922 1040 947 1100; x_wconf 95' lang='lat' dir='ltr'>X</span> <span class='ocrx_word' id='word_1_89' title='bbox 965 1041 1011 1122; x_wconf 95' lang='lat' dir='ltr'><strong>VI,</strong></span> <span class='ocrx_word' id='word_1_90' title='bbox 1034 1041 1121 1103; x_wconf 90' lang='lat' dir='ltr'><strong>nardi</strong></span> 
     </span>
     <span class='ocr_line' id='line_1_11' title="bbox 64 1127 1119 1210; baseline 0.005 -25"><span class='ocrx_word' id='word_1_91' title='bbox 64 1146 91 1185; x_wconf 79' lang='lat' dir='ltr'><strong>ao</strong></span> <span class='ocrx_word' id='word_1_92' title='bbox 106 1127 243 1208; x_wconf 75' lang='lat' dir='ltr'><strong>Syriacae</strong></span> <span class='ocrx_word' id='word_1_93' title='bbox 268 1127 293 1188; x_wconf 92' lang='lat' dir='ltr'>X</span> <span class='ocrx_word' id='word_1_94' title='bbox 316 1128 351 1210; x_wconf 92' lang='lat' dir='ltr'>X,</span> <span class='ocrx_word' id='word_1_95' title='bbox 375 1131 456 1190; x_wconf 91' lang='lat' dir='ltr'><strong>croci</strong></span> <span class='ocrx_word' id='word_1_96' title='bbox 479 1127 505 1189; x_wconf 94' lang='lat' dir='ltr'>X</span> <span class='ocrx_word' id='word_1_97' title='bbox 528 1128 589 1210; x_wconf 88' lang='lat' dir='ltr'>XII,</span> <span class='ocrx_word' id='word_1_98' title='bbox 614 1129 736 1190; x_wconf 89' lang='lat' dir='ltr'><strong>schoeni</strong></span> <span class='ocrx_word' id='word_1_99' title='bbox 759 1128 842 1190; x_wconf 89' lang='lat' dir='ltr'><strong>lloris</strong></span> <span class='ocrx_word' id='word_1_100' title='bbox 866 1127 891 1189; x_wconf 96' lang='lat' dir='ltr'>X</span> <span class='ocrx_word' id='word_1_101' title='bbox 914 1128 987 1209; x_wconf 92' lang='lat' dir='ltr'>VIII,</span> <span class='ocrx_word' id='word_1_102' title='bbox 1011 1130 1119 1190; x_wconf 91' lang='lat' dir='ltr'><strong>saliun-</strong></span> 
     </span>
     <span class='ocr_line' id='line_1_12' title="bbox 105 1216 1119 1299; baseline -0.001 -21"><span class='ocrx_word' id='word_1_103' title='bbox 105 1235 157 1278; x_wconf 91' lang='lat' dir='ltr'><strong>cae</strong></span> <span class='ocrx_word' id='word_1_104' title='bbox 176 1216 201 1276; x_wconf 91' lang='lat' dir='ltr'>X</span> <span class='ocrx_word' id='word_1_105' title='bbox 221 1216 294 1297; x_wconf 90' lang='lat' dir='ltr'>VIII,</span> <span class='ocrx_word' id='word_1_106' title='bbox 318 1219 392 1278; x_wconf 88' lang='lat' dir='ltr'><strong>costi</strong></span> <span class='ocrx_word' id='word_1_107' title='bbox 412 1216 502 1299; x_wconf 93' lang='lat' dir='ltr'>XVI,</span> <span class='ocrx_word' id='word_1_108' title='bbox 525 1219 579 1278; x_wconf 92' lang='lat' dir='ltr'><strong>iris</strong></span> <span class='ocrx_word' id='word_1_109' title='bbox 597 1217 730 1297; x_wconf 90' lang='lat' dir='ltr'><strong>Illyricae</strong></span> <span class='ocrx_word' id='word_1_110' title='bbox 750 1217 776 1277; x_wconf 94' lang='lat' dir='ltr'>X</span> <span class='ocrx_word' id='word_1_111' title='bbox 795 1216 854 1298; x_wconf 93' lang='lat' dir='ltr'>VII,</span> <span class='ocrx_word' id='word_1_112' title='bbox 878 1219 1007 1278; x_wconf 91' lang='lat' dir='ltr'><strong>cinnami</strong></span> <span class='ocrx_word' id='word_1_113' title='bbox 1029 1217 1054 1277; x_wconf 91' lang='lat' dir='ltr'>X</span> <span class='ocrx_word' id='word_1_114' title='bbox 1073 1217 1119 1299; x_wconf 95' lang='lat' dir='ltr'><strong>VI,</strong></span> 
     </span>
     <span class='ocr_line' id='line_1_13' title="bbox 105 1305 1120 1388; baseline 0.002 -23"><span class='ocrx_word' id='word_1_115' title='bbox 105 1305 164 1366; x_wconf 93' lang='lat' dir='ltr'><strong>olei</strong></span> <span class='ocrx_word' id='word_1_116' title='bbox 187 1305 364 1386; x_wconf 84' lang='lat' dir='ltr'><strong>amygdaliui</strong></span> <span class='ocrx_word' id='word_1_117' title='bbox 391 1305 416 1366; x_wconf 92' lang='lat' dir='ltr'>X</span> <span class='ocrx_word' id='word_1_118' title='bbox 444 1305 484 1388; x_wconf 87' lang='lat' dir='ltr'><strong>X,</strong></span> <span class='ocrx_word' id='word_1_119' title='bbox 513 1306 694 1386; x_wconf 85' lang='lat' dir='ltr'><strong>opobalsami</strong></span> <span class='ocrx_word' id='word_1_120' title='bbox 720 1305 834 1366; x_wconf 89' lang='lat' dir='ltr'>XIIII.</span> <span class='ocrx_word' id='word_1_121' title='bbox 880 1306 1062 1366; x_wconf 80' lang='lat' dir='ltr'><strong>Tenduntur</strong></span> <span class='ocrx_word' id='word_1_122' title='bbox 1090 1315 1120 1367; x_wconf 90' lang='lat' dir='ltr'><strong>et</strong></span> 
     </span>
     <span class='ocr_line' id='line_1_14' title="bbox 105 1394 1120 1475; baseline 0.001 -21"><span class='ocrx_word' id='word_1_123' title='bbox 105 1394 275 1456; x_wconf 87' lang='lat' dir='ltr'><strong>cribrantur</strong></span> <span class='ocrx_word' id='word_1_124' title='bbox 304 1413 378 1474; x_wconf 86' lang='lat' dir='ltr'><strong>quae</strong></span> <span class='ocrx_word' id='word_1_125' title='bbox 406 1397 438 1455; x_wconf 93' lang='lat' dir='ltr'><strong>in</strong></span> <span class='ocrx_word' id='word_1_126' title='bbox 460 1395 614 1474; x_wconf 85' lang='lat' dir='ltr'><strong>pulverem</strong></span> <span class='ocrx_word' id='word_1_127' title='bbox 636 1395 797 1472; x_wconf 84' lang='lat' dir='ltr'><strong>redigenda</strong></span> <span class='ocrx_word' id='word_1_128' title='bbox 821 1403 899 1475; x_wconf 93' lang='lat' dir='ltr'><strong>suut,</strong></span> <span class='ocrx_word' id='word_1_129' title='bbox 924 1396 1120 1456; x_wconf 89' lang='lat' dir='ltr'><strong>remittuntur</strong></span> 
     </span>
     <span class='ocr_line' id='line_1_15' title="bbox 106 1482 1120 1565; baseline 0.002 -23"><span class='ocrx_word' id='word_1_130' title='bbox 106 1483 265 1562; x_wconf 82' lang='lat' dir='ltr'><strong>diligenter</strong></span> <span class='ocrx_word' id='word_1_131' title='bbox 293 1503 368 1563; x_wconf 91' lang='lat' dir='ltr'><strong>quae</strong></span> <span class='ocrx_word' id='word_1_132' title='bbox 396 1483 554 1545; x_wconf 91' lang='lat' dir='ltr'><strong>mollienda</strong></span> <span class='ocrx_word' id='word_1_133' title='bbox 581 1494 651 1546; x_wconf 86' lang='lat' dir='ltr'><strong>sunt</strong></span> <span class='ocrx_word' id='word_1_134' title='bbox 677 1485 789 1565; x_wconf 74' lang='lat' dir='ltr'><strong>omnia,</strong></span> <span class='ocrx_word' id='word_1_135' title='bbox 817 1482 905 1544; x_wconf 91' lang='lat' dir='ltr'><strong>datur</strong></span> <span class='ocrx_word' id='word_1_136' title='bbox 928 1484 1010 1562; x_wconf 91' lang='lat' dir='ltr'><strong>potio</strong></span> <span class='ocrx_word' id='word_1_137' title='bbox 1033 1486 1120 1544; x_wconf 92' lang='lat' dir='ltr'><strong>nucis</strong></span> 
     </span>
     <span class='ocr_line' id='line_1_16' title="bbox 64 1571 1192 1655; baseline 0.005 -28"><span class='ocrx_word' id='word_1_138' title='bbox 64 1587 91 1628; x_wconf 86' lang='lat'><strong>15</strong></span> <span class='ocrx_word' id='word_1_139' title='bbox 105 1572 253 1634; x_wconf 87' lang='lat' dir='ltr'><strong>avellanae</strong></span> <span class='ocrx_word' id='word_1_140' title='bbox 281 1573 485 1652; x_wconf 86' lang='lat' dir='ltr'><strong>magnitudine</strong></span> <span class='ocrx_word' id='word_1_141' title='bbox 513 1591 549 1634; x_wconf 84' lang='lat' dir='ltr'><strong>ex</strong></span> <span class='ocrx_word' id='word_1_142' title='bbox 576 1573 687 1655; x_wconf 91' lang='lat' dir='ltr'><strong>mulso,</strong></span> <span class='ocrx_word' id='word_1_143' title='bbox 717 1571 956 1633; x_wconf 87' lang='lat' dir='ltr'><strong>febricitantibus</strong></span> <span class='ocrx_word' id='word_1_144' title='bbox 984 1591 1054 1633; x_wconf 87' lang='lat' dir='ltr'><strong>roro</strong></span> <span class='ocrx_word' id='word_1_145' title='bbox 1083 1591 1119 1633; x_wconf 88' lang='lat' dir='ltr'><strong>ex</strong></span> <span class='ocrx_word' id='word_1_146' title='bbox 1188 1578 1192 1587; x_wconf 85' lang='lat'>&#39;</span> 
     </span>
     <span class='ocr_line' id='line_1_17' title="bbox 104 1661 1119 1743; baseline 0.002 -23"><span class='ocrx_word' id='word_1_147' title='bbox 104 1679 180 1739; x_wconf 91' lang='lat' dir='ltr'><strong>aqua</strong></span> <span class='ocrx_word' id='word_1_148' title='bbox 200 1661 306 1743; x_wconf 82' lang='lat' dir='ltr'><strong>calida3</strong></span> <span class='ocrx_word' id='word_1_149' title='bbox 329 1662 366 1723; x_wconf 92' lang='lat' dir='ltr'><strong>ad</strong></span> <span class='ocrx_word' id='word_1_150' title='bbox 390 1664 555 1741; x_wconf 79' lang='lat' dir='ltr'><strong>aurigiuem</strong></span> <span class='ocrx_word' id='word_1_151' title='bbox 579 1680 697 1741; x_wconf 86' lang='lat' dir='ltr'><strong>quoque</strong></span> <span class='ocrx_word' id='word_1_152' title='bbox 721 1671 751 1722; x_wconf 90' lang='lat' dir='ltr'><strong>et</strong></span> <span class='ocrx_word' id='word_1_153' title='bbox 775 1661 810 1722; x_wconf 92' lang='lat' dir='ltr'><strong>ad</strong></span> <span class='ocrx_word' id='word_1_154' title='bbox 835 1663 1020 1740; x_wconf 85' lang='lat' dir='ltr'><strong>serpentium</strong></span> <span class='ocrx_word' id='word_1_155' title='bbox 1042 1679 1119 1722; x_wconf 92' lang='lat' dir='ltr'><strong>mor·</strong></span> 
     </span>
     <span class='ocr_line' id='line_1_18' title="bbox 105 1749 695 1812; baseline 0.007 -4"><span class='ocrx_word' id='word_1_156' title='bbox 105 1767 156 1808; x_wconf 89' lang='lat' dir='ltr'><strong>sus</strong></span> <span class='ocrx_word' id='word_1_157' title='bbox 179 1749 237 1810; x_wconf 92' lang='lat' dir='ltr'><strong>hoc</strong></span> <span class='ocrx_word' id='word_1_158' title='bbox 260 1752 426 1812; x_wconf 87' lang='lat' dir='ltr'><strong>antidotum</strong></span> <span class='ocrx_word' id='word_1_159' title='bbox 449 1753 521 1812; x_wconf 90' lang='lat' dir='ltr'><strong>satis</strong></span> <span class='ocrx_word' id='word_1_160' title='bbox 545 1750 618 1812; x_wconf 89' lang='lat' dir='ltr'><strong>utile</strong></span> <span class='ocrx_word' id='word_1_161' title='bbox 641 1759 695 1812; x_wconf 92' lang='lat' dir='ltr'><strong>est.</strong></span> 
     </span>
     <span class='ocr_line' id='line_1_19' title="bbox 195 1836 1171 1922; baseline 0.004 -25"><span class='ocrx_word' id='word_1_162' title='bbox 195 1836 293 1898; x_wconf 88' lang='lat' dir='ltr'><strong>Colice</strong></span> <span class='ocrx_word' id='word_1_163' title='bbox 303 1837 388 1900; x_wconf 84' lang='lat' dir='ltr'><strong>Rassi</strong></span> <span class='ocrx_word' id='word_1_164' title='bbox 401 1841 535 1922; x_wconf 89' lang='lat' dir='ltr'><strong>mirifica,</strong></span> <span class='ocrx_word' id='word_1_165' title='bbox 550 1858 625 1920; x_wconf 88' lang='lat' dir='ltr'><strong>quae</strong></span> <span class='ocrx_word' id='word_1_166' title='bbox 638 1839 762 1919; x_wconf 92' lang='lat' dir='ltr'><strong>prodest</strong></span> <span class='ocrx_word' id='word_1_167' title='bbox 776 1840 840 1899; x_wconf 91' lang='lat' dir='ltr'><strong>sine</strong></span> <span class='ocrx_word' id='word_1_168' title='bbox 851 1841 1006 1918; x_wconf 88' lang='lat' dir='ltr'><strong>sopitione,</strong></span> <span class='ocrx_word' id='word_1_169' title='bbox 1017 1839 1119 1899; x_wconf 91' lang='lat' dir='ltr'><strong>eadem</strong></span> <span class='ocrx_word' id='word_1_170' title='bbox 1139 1852 1171 1901; x_wconf 78' lang='lat'><strong>12</strong></span> 
     </span>
     <span class='ocr_line' id='line_1_20' title="bbox 104 1927 1119 2011; baseline 0.004 -27"><span class='ocrx_word' id='word_1_171' title='bbox 104 1927 218 1986; x_wconf 89' lang='lat' dir='ltr'><strong>ventris</strong></span> <span class='ocrx_word' id='word_1_172' title='bbox 237 1935 321 1987; x_wconf 89' lang='lat' dir='ltr'><strong>sanat</strong></span> <span class='ocrx_word' id='word_1_173' title='bbox 339 1930 410 1989; x_wconf 86' lang='lat' dir='ltr'><strong>vitia</strong></span> <span class='ocrx_word' id='word_1_174' title='bbox 428 1931 535 2011; x_wconf 86' lang='lat' dir='ltr'><strong>omnia,</strong></span> <span class='ocrx_word' id='word_1_175' title='bbox 558 1929 629 1989; x_wconf 87' lang='lat' dir='ltr'><strong>iacit</strong></span> <span class='ocrx_word' id='word_1_176' title='bbox 652 1927 737 1988; x_wconf 88' lang='lat' dir='ltr'><strong>etad</strong></span> <span class='ocrx_word' id='word_1_177' title='bbox 756 1927 907 1988; x_wconf 87' lang='lat' dir='ltr'><strong>difficilem</strong></span> <span class='ocrx_word' id='word_1_178' title='bbox 926 1929 1119 2006; x_wconf 89' lang='lat' dir='ltr'><strong>spirationem</strong></span> 
     </span>
     <span class='ocr_line' id='line_1_21' title="bbox 64 2014 1118 2097; baseline 0.005 -26"><span class='ocrx_word' id='word_1_179' title='bbox 64 2030 91 2072; x_wconf 87' lang='grc' dir='ltr'><strong>1ο</strong></span> <span class='ocrx_word' id='word_1_180' title='bbox 106 2022 136 2075; x_wconf 88' lang='lat' dir='ltr'><strong>et</strong></span> <span class='ocrx_word' id='word_1_181' title='bbox 159 2014 195 2074; x_wconf 92' lang='lat' dir='ltr'><strong>ad</strong></span> <span class='ocrx_word' id='word_1_182' title='bbox 214 2016 348 2076; x_wconf 90' lang='lat' dir='ltr'><strong>internos</strong></span> <span class='ocrx_word' id='word_1_183' title='bbox 370 2015 496 2097; x_wconf 91' lang='lat' dir='ltr'><strong>dolores,</strong></span> <span class='ocrx_word' id='word_1_184' title='bbox 520 2017 676 2078; x_wconf 91' lang='lat' dir='ltr'><strong>conficitur</strong></span> <span class='ocrx_word' id='word_1_185' title='bbox 701 2018 757 2078; x_wconf 91' lang='lat' dir='ltr'><strong>sic:</strong></span> <span class='ocrx_word' id='word_1_186' title='bbox 780 2015 990 2094; x_wconf 83' lang='lat' dir='ltr'><strong>Mandragorae</strong></span> <span class='ocrx_word' id='word_1_187' title='bbox 1009 2016 1118 2077; x_wconf 91' lang='lat' dir='ltr'><strong>radicis</strong></span> 
     </span>
     <span class='ocr_line' id='line_1_22' title="bbox 106 2103 1120 2187; baseline 0.003 -24"><span class='ocrx_word' id='word_1_188' title='bbox 106 2105 167 2163; x_wconf 87' lang='lat' dir='ltr'><strong>sive</strong></span> <span class='ocrx_word' id='word_1_189' title='bbox 187 2105 308 2164; x_wconf 89' lang='lat' dir='ltr'><strong>corticis</strong></span> <span class='ocrx_word' id='word_1_190' title='bbox 328 2103 354 2164; x_wconf 93' lang='lat' dir='ltr'>X</span> <span class='ocrx_word' id='word_1_191' title='bbox 372 2103 417 2184; x_wconf 95' lang='lat' dir='ltr'><strong>VI,</strong></span> <span class='ocrx_word' id='word_1_192' title='bbox 440 2104 514 2165; x_wconf 91' lang='lat' dir='ltr'><strong>rhus</strong></span> <span class='ocrx_word' id='word_1_193' title='bbox 534 2104 648 2184; x_wconf 92' lang='lat' dir='ltr'><strong>Syriaci</strong></span> <span class='ocrx_word' id='word_1_194' title='bbox 665 2104 691 2165; x_wconf 93' lang='lat' dir='ltr'>X</span> <span class='ocrx_word' id='word_1_195' title='bbox 710 2104 757 2186; x_wconf 91' lang='lat' dir='ltr'><strong>VI,</strong></span> <span class='ocrx_word' id='word_1_196' title='bbox 776 2107 906 2165; x_wconf 91' lang='lat' dir='ltr'><strong>cinnami</strong></span> <span class='ocrx_word' id='word_1_197' title='bbox 925 2103 951 2164; x_wconf 95' lang='lat' dir='ltr'>X</span> <span class='ocrx_word' id='word_1_198' title='bbox 969 2104 1014 2187; x_wconf 94' lang='lat' dir='ltr'><strong>Vl,</strong></span> <span class='ocrx_word' id='word_1_199' title='bbox 1038 2107 1120 2166; x_wconf 90' lang='lat' dir='ltr'><strong>acori</strong></span> 
     </span>
     <span class='ocr_line' id='line_1_23' title="bbox 105 2191 1118 2274; baseline 0.003 -24"><span class='ocrx_word' id='word_1_200' title='bbox 105 2191 130 2251; x_wconf 92' lang='lat' dir='ltr'>X</span> <span class='ocrx_word' id='word_1_201' title='bbox 154 2191 204 2272; x_wconf 94' lang='lat' dir='ltr'><strong>Vl,</strong></span> <span class='ocrx_word' id='word_1_202' title='bbox 234 2192 384 2254; x_wconf 90' lang='lat' dir='ltr'><strong>brassicae</strong></span> <span class='ocrx_word' id='word_1_203' title='bbox 413 2194 535 2254; x_wconf 90' lang='lat' dir='ltr'><strong>seminis</strong></span> <span class='ocrx_word' id='word_1_204' title='bbox 563 2192 662 2274; x_wconf 88' lang='lat' dir='ltr'>XVI,</span> <span class='ocrx_word' id='word_1_205' title='bbox 690 2196 765 2255; x_wconf 90' lang='lat' dir='ltr'><strong>costi</strong></span> <span class='ocrx_word' id='word_1_206' title='bbox 788 2192 814 2253; x_wconf 94' lang='lat' dir='ltr'>X</span> <span class='ocrx_word' id='word_1_207' title='bbox 837 2192 887 2274; x_wconf 91' lang='lat' dir='ltr'><strong>VI,</strong></span> <span class='ocrx_word' id='word_1_208' title='bbox 914 2192 1000 2253; x_wconf 90' lang='lat' dir='ltr'><strong>iridis</strong></span> <span class='ocrx_word' id='word_1_209' title='bbox 1023 2193 1048 2252; x_wconf 90' lang='lat' dir='ltr'>X</span> <span class='ocrx_word' id='word_1_210' title='bbox 1072 2193 1118 2274; x_wconf 90' lang='lat' dir='ltr'><strong>Vl,</strong></span> 
     </span>
     <span class='ocr_line' id='line_1_24' title="bbox 103 2280 1119 2365; baseline 0.002 -25"><span class='ocrx_word' id='word_1_211' title='bbox 103 2283 217 2359; x_wconf 91' lang='lat' dir='ltr'><strong>piperis</strong></span> <span class='ocrx_word' id='word_1_212' title='bbox 240 2281 321 2362; x_wconf 85' lang='lat' dir='ltr'><strong>longi</strong></span> <span class='ocrx_word' id='word_1_213' title='bbox 345 2281 435 2365; x_wconf 88' lang='lat' dir='ltr'>XVI,</span> <span class='ocrx_word' id='word_1_214' title='bbox 458 2283 570 2363; x_wconf 88' lang='lat' dir='ltr'><strong>piperis</strong></span> <span class='ocrx_word' id='word_1_215' title='bbox 594 2281 652 2343; x_wconf 93' lang='lat' dir='ltr'><strong>albi</strong></span> <span class='ocrx_word' id='word_1_216' title='bbox 674 2281 700 2342; x_wconf 94' lang='lat' dir='ltr'>X</span> <span class='ocrx_word' id='word_1_217' title='bbox 719 2281 765 2363; x_wconf 92' lang='lat' dir='ltr'><strong>VI,</strong></span> <span class='ocrx_word' id='word_1_218' title='bbox 789 2284 903 2343; x_wconf 90' lang='lat' dir='ltr'><strong>cicutae</strong></span> <span class='ocrx_word' id='word_1_219' title='bbox 927 2284 992 2342; x_wconf 90' lang='lat' dir='ltr'><strong>suoi</strong></span> <span class='ocrx_word' id='word_1_220' title='bbox 1010 2281 1036 2341; x_wconf 94' lang='lat' dir='ltr'>X</span> <span class='ocrx_word' id='word_1_221' title='bbox 1056 2280 1119 2362; x_wconf 89' lang='lat' dir='ltr'>XII,</span> 
     </span>
     <span class='ocr_line' id='line_1_25' title="bbox 104 2369 1119 2452; baseline 0.001 -23"><span class='ocrx_word' id='word_1_222' title='bbox 104 2374 283 2450; x_wconf 90' lang='lat' dir='ltr'><strong>opopanacis</strong></span> <span class='ocrx_word' id='word_1_223' title='bbox 302 2370 328 2431; x_wconf 96' lang='lat' dir='ltr'>X</span> <span class='ocrx_word' id='word_1_224' title='bbox 347 2370 406 2452; x_wconf 95' lang='lat' dir='ltr'>VII,</span> <span class='ocrx_word' id='word_1_225' title='bbox 426 2371 593 2432; x_wconf 85' lang='lat' dir='ltr'><strong>stoechadIs</strong></span> <span class='ocrx_word' id='word_1_226' title='bbox 612 2369 638 2430; x_wconf 94' lang='lat' dir='ltr'>X</span> <span class='ocrx_word' id='word_1_227' title='bbox 657 2369 744 2451; x_wconf 93' lang='lat' dir='ltr'>VIIII,</span> <span class='ocrx_word' id='word_1_228' title='bbox 764 2371 851 2432; x_wconf 92' lang='lat' dir='ltr'><strong>dauci</strong></span> <span class='ocrx_word' id='word_1_229' title='bbox 867 2369 1017 2432; x_wconf 85' lang='lat' dir='ltr'><strong>CreticiX</strong></span> <span class='ocrx_word' id='word_1_230' title='bbox 1032 2369 1119 2452; x_wconf 94' lang='lat' dir='ltr'>VIIII,</span> 
     </span>
     <span class='ocr_line' id='line_1_26' title="bbox 64 2458 1118 2538; baseline 0.005 -23"><span class='ocrx_word' id='word_1_231' title='bbox 64 2461 163 2519; x_wconf 72' lang='lat' dir='ltr'><strong>remei</strong></span> <span class='ocrx_word' id='word_1_232' title='bbox 185 2459 316 2521; x_wconf 87' lang='lat' dir='ltr'>XVIIII.</span> <span class='ocrx_word' id='word_1_233' title='bbox 358 2459 497 2522; x_wconf 92' lang='lat' dir='ltr'><strong>Phoebus</strong></span> <span class='ocrx_word' id='word_1_234' title='bbox 520 2458 674 2538; x_wconf 87' lang='lat' dir='ltr'><strong>adiciebat,</strong></span> <span class='ocrx_word' id='word_1_235' title='bbox 697 2467 731 2520; x_wconf 90' lang='lat' dir='ltr'><strong>ut</strong></span> <span class='ocrx_word' id='word_1_236' title='bbox 754 2466 858 2521; x_wconf 92' lang='lat' dir='ltr'><strong>auctor</strong></span> <span class='ocrx_word' id='word_1_237' title='bbox 881 2459 1006 2520; x_wconf 90' lang='lat' dir='ltr'><strong>remedii</strong></span> <span class='ocrx_word' id='word_1_238' title='bbox 1028 2459 1118 2521; x_wconf 93' lang='lat' dir='ltr'><strong>huius</strong></span> 
     </span>
     <span class='ocr_line' id='line_1_27' title="bbox 103 2547 1119 2631; baseline 0.001 -24"><span class='ocrx_word' id='word_1_239' title='bbox 103 2549 209 2628; x_wconf 81' lang='lat' dir='ltr'><strong>refert,</strong></span> <span class='ocrx_word' id='word_1_240' title='bbox 231 2568 348 2630; x_wconf 90' lang='lat' dir='ltr'><strong>myrrae</strong></span> <span class='ocrx_word' id='word_1_241' title='bbox 377 2548 476 2631; x_wconf 91' lang='lat' dir='ltr'>XVI,</span> <span class='ocrx_word' id='word_1_242' title='bbox 505 2550 566 2628; x_wconf 93' lang='lat' dir='ltr'><strong>opii</strong></span> <span class='ocrx_word' id='word_1_243' title='bbox 588 2547 614 2607; x_wconf 93' lang='lat' dir='ltr'>X</span> <span class='ocrx_word' id='word_1_244' title='bbox 638 2547 688 2628; x_wconf 94' lang='lat' dir='ltr'><strong>VI,</strong></span> <span class='ocrx_word' id='word_1_245' title='bbox 717 2550 794 2610; x_wconf 91' lang='lat' dir='ltr'><strong>asari</strong></span> <span class='ocrx_word' id='word_1_246' title='bbox 822 2547 848 2608; x_wconf 94' lang='lat' dir='ltr'>X</span> <span class='ocrx_word' id='word_1_247' title='bbox 872 2547 962 2630; x_wconf 96' lang='lat' dir='ltr'>VIIII,</span> <span class='ocrx_word' id='word_1_248' title='bbox 990 2551 1119 2610; x_wconf 91' lang='lat' dir='ltr'><strong>castorei</strong></span> 
     </span>
     <span class='ocr_line' id='line_1_28' title="bbox 103 2634 1118 2699; baseline 0.002 -4"><span class='ocrx_word' id='word_1_249' title='bbox 103 2634 237 2698; x_wconf 90' lang='lat' dir='ltr'>XVIIII.</span> <span class='ocrx_word' id='word_1_250' title='bbox 279 2638 409 2699; x_wconf 87' lang='lat' dir='ltr'><strong>Contusa</strong></span> <span class='ocrx_word' id='word_1_251' title='bbox 432 2638 505 2698; x_wconf 90' lang='lat' dir='ltr'><strong>haec</strong></span> <span class='ocrx_word' id='word_1_252' title='bbox 529 2645 559 2698; x_wconf 92' lang='lat' dir='ltr'><strong>et</strong></span> <span class='ocrx_word' id='word_1_253' title='bbox 583 2636 706 2698; x_wconf 89' lang='lat' dir='ltr'><strong>oriblata</strong></span> <span class='ocrx_word' id='word_1_254' title='bbox 729 2640 895 2699; x_wconf 89' lang='lat' dir='ltr'><strong>miscentur</strong></span> <span class='ocrx_word' id='word_1_255' title='bbox 919 2645 948 2698; x_wconf 90' lang='lat' dir='ltr'><strong>et</strong></span> <span class='ocrx_word' id='word_1_256' title='bbox 972 2656 1008 2698; x_wconf 84' lang='lat' dir='ltr'><strong>ex</strong></span> <span class='ocrx_word' id='word_1_257' title='bbox 1030 2637 1118 2698; x_wconf 91' lang='lat' dir='ltr'><strong>melle</strong></span> 
     </span>
     <span class='ocr_line' id='line_1_29' title="bbox 102 2724 1117 2806; baseline 0.003 -22"><span class='ocrx_word' id='word_1_258' title='bbox 102 2724 284 2802; x_wconf 79' lang='lat' dir='ltr'><strong>colliguntur</strong></span> <span class='ocrx_word' id='word_1_259' title='bbox 312 2727 538 2806; x_wconf 83' lang='lat' dir='ltr'><strong>diligentissime</strong></span> <span class='ocrx_word' id='word_1_260' title='bbox 566 2727 705 2786; x_wconf 91' lang='lat' dir='ltr'><strong>universa</strong></span> <span class='ocrx_word' id='word_1_261' title='bbox 734 2733 822 2806; x_wconf 87' lang='lat' dir='ltr'><strong>atque</strong></span> <span class='ocrx_word' id='word_1_262' title='bbox 851 2744 887 2786; x_wconf 85' lang='lat' dir='ltr'><strong>ex</strong></span> <span class='ocrx_word' id='word_1_263' title='bbox 910 2726 967 2786; x_wconf 91' lang='lat' dir='ltr'><strong>hoc</strong></span> <span class='ocrx_word' id='word_1_264' title='bbox 990 2727 1117 2787; x_wconf 90' lang='lat' dir='ltr'><strong>medica-</strong></span> 
     </span>
     <span class='ocr_line' id='line_1_30' title="bbox 102 2813 1117 2893; baseline 0.003 -23"><span class='ocrx_word' id='word_1_265' title='bbox 102 2821 203 2872; x_wconf 89' lang='lat' dir='ltr'><strong>mento</strong></span> <span class='ocrx_word' id='word_1_266' title='bbox 227 2822 371 2892; x_wconf 89' lang='lat' dir='ltr'><strong>quantum</strong></span> <span class='ocrx_word' id='word_1_267' title='bbox 394 2833 456 2875; x_wconf 84' lang='lat' dir='ltr'><strong>nux</strong></span> <span class='ocrx_word' id='word_1_268' title='bbox 474 2813 603 2874; x_wconf 86' lang='lat' dir='ltr'><strong>avellana</strong></span> <span class='ocrx_word' id='word_1_269' title='bbox 623 2823 668 2875; x_wconf 93' lang='lat' dir='ltr'><strong>est</strong></span> <span class='ocrx_word' id='word_1_270' title='bbox 691 2814 778 2875; x_wconf 90' lang='lat' dir='ltr'><strong>datur</strong></span> <span class='ocrx_word' id='word_1_271' title='bbox 800 2833 868 2875; x_wconf 91' lang='lat' dir='ltr'><strong>oum</strong></span> <span class='ocrx_word' id='word_1_272' title='bbox 888 2814 1002 2893; x_wconf 90' lang='lat' dir='ltr'><strong>cyathis</strong></span> <span class='ocrx_word' id='word_1_273' title='bbox 1021 2815 1117 2875; x_wconf 90' lang='lat' dir='ltr'><strong>tribus</strong></span> 
     </span>
     <span class='ocr_line' id='line_1_31' title="bbox 62 2901 1117 2984; baseline -0.001 -21"><span class='ocrx_word' id='word_1_274' title='bbox 62 2923 89 2963; x_wconf 82' lang='lat' dir='ltr'><strong>ao</strong></span> <span class='ocrx_word' id='word_1_275' title='bbox 104 2917 197 2978; x_wconf 88' lang='lat' dir='ltr'><strong>aquae</strong></span> <span class='ocrx_word' id='word_1_276' title='bbox 212 2901 332 2982; x_wconf 91' lang='lat' dir='ltr'><strong>calidae,</strong></span> <span class='ocrx_word' id='word_1_277' title='bbox 349 2903 400 2963; x_wconf 90' lang='lat' dir='ltr'><strong>sed</strong></span> <span class='ocrx_word' id='word_1_278' title='bbox 414 2911 483 2981; x_wconf 94' lang='lat' dir='ltr'><strong>post</strong></span> <span class='ocrx_word' id='word_1_279' title='bbox 496 2902 610 2984; x_wconf 82' lang='lat' dir='ltr'><strong>cibum3</strong></span> <span class='ocrx_word' id='word_1_280' title='bbox 628 2904 728 2964; x_wconf 91' lang='lat' dir='ltr'><strong>ieiuno</strong></span> <span class='ocrx_word' id='word_1_281' title='bbox 744 2905 822 2963; x_wconf 87' lang='lat' dir='ltr'><strong>enirn</strong></span> <span class='ocrx_word' id='word_1_282' title='bbox 837 2919 897 2962; x_wconf 91' lang='lat' dir='ltr'><strong>non</strong></span> <span class='ocrx_word' id='word_1_283' title='bbox 912 2909 1030 2980; x_wconf 90' lang='lat' dir='ltr'><strong>oportet</strong></span> <span class='ocrx_word' id='word_1_284' title='bbox 1044 2902 1117 2962; x_wconf 89' lang='lat' dir='ltr'><strong>dari.</strong></span> 
     </span>
     <span class='ocr_line' id='line_1_32' title="bbox 192 2988 1168 3074; baseline 0.001 -25"><span class='ocrx_word' id='word_1_285' title='bbox 192 2988 256 3050; x_wconf 82' lang='lat' dir='ltr'><strong>Coli</strong></span> <span class='ocrx_word' id='word_1_286' title='bbox 279 2989 412 3051; x_wconf 91' lang='lat' dir='ltr'><strong>dolorem</strong></span> <span class='ocrx_word' id='word_1_287' title='bbox 435 2998 564 3074; x_wconf 88' lang='lat' dir='ltr'><strong>avertes,</strong></span> <span class='ocrx_word' id='word_1_288' title='bbox 592 2995 618 3053; x_wconf 92' lang='lat' dir='ltr'><strong>si</strong></span> <span class='ocrx_word' id='word_1_289' title='bbox 645 2991 682 3053; x_wconf 92' lang='lat' dir='ltr'><strong>de</strong></span> <span class='ocrx_word' id='word_1_290' title='bbox 710 2992 888 3053; x_wconf 86' lang='lat' dir='ltr'><strong>lacertarum</strong></span> <span class='ocrx_word' id='word_1_291' title='bbox 912 2989 1014 3050; x_wconf 90' lang='lat' dir='ltr'><strong>caudis</strong></span> <span class='ocrx_word' id='word_1_292' title='bbox 1038 3008 1116 3050; x_wconf 89' lang='lat' dir='ltr'><strong>sum·</strong></span> <span class='ocrx_word' id='word_1_293' title='bbox 1137 3003 1168 3050; x_wconf 87' lang='lat'><strong>13</strong></span> 
     </span>
     <span class='ocr_line' id='line_1_33' title="bbox 102 3077 1116 3160; baseline 0.002 -24"><span class='ocrx_word' id='word_1_294' title='bbox 102 3077 233 3138; x_wconf 88' lang='lat' dir='ltr'><strong>mitatem</strong></span> <span class='ocrx_word' id='word_1_295' title='bbox 261 3079 366 3141; x_wconf 90' lang='lat' dir='ltr'><strong>tuleris</strong></span> <span class='ocrx_word' id='word_1_296' title='bbox 394 3088 424 3142; x_wconf 90' lang='lat' dir='ltr'><strong>et</strong></span> <span class='ocrx_word' id='word_1_297' title='bbox 450 3097 522 3141; x_wconf 91' lang='lat' dir='ltr'><strong>auro</strong></span> <span class='ocrx_word' id='word_1_298' title='bbox 545 3080 704 3142; x_wconf 87' lang='lat' dir='ltr'><strong>incluseris</strong></span> <span class='ocrx_word' id='word_1_299' title='bbox 733 3088 763 3142; x_wconf 90' lang='lat' dir='ltr'><strong>et</strong></span> <span class='ocrx_word' id='word_1_300' title='bbox 790 3080 927 3160; x_wconf 85' lang='lat' dir='ltr'><strong>IIgaveris</strong></span> <span class='ocrx_word' id='word_1_301' title='bbox 950 3080 1029 3139; x_wconf 92' lang='lat' dir='ltr'><strong>circa</strong></span> <span class='ocrx_word' id='word_1_302' title='bbox 1053 3097 1116 3139; x_wconf 92' lang='lat' dir='ltr'><strong>um·</strong></span> 
     </span>
     <span class='ocr_line' id='line_1_34' title="bbox 101 3164 1117 3249; baseline 0.002 -24"><span class='ocrx_word' id='word_1_303' title='bbox 101 3164 223 3228; x_wconf 91' lang='lat' dir='ltr'><strong>bilicum</strong></span> <span class='ocrx_word' id='word_1_304' title='bbox 251 3176 303 3229; x_wconf 92' lang='lat' dir='ltr'><strong>aut</strong></span> <span class='ocrx_word' id='word_1_305' title='bbox 329 3170 356 3230; x_wconf 93' lang='lat' dir='ltr'><strong>si</strong></span> <span class='ocrx_word' id='word_1_306' title='bbox 383 3168 420 3230; x_wconf 92' lang='lat' dir='ltr'><strong>de</strong></span> <span class='ocrx_word' id='word_1_307' title='bbox 448 3177 527 3232; x_wconf 87' lang='lat' dir='ltr'><strong>reste</strong></span> <span class='ocrx_word' id='word_1_308' title='bbox 553 3179 687 3231; x_wconf 84' lang='lat' dir='ltr'><strong>ventrem</strong></span> <span class='ocrx_word' id='word_1_309' title='bbox 711 3169 969 3249; x_wconf 85' lang='lat' dir='ltr'><strong>circumcinxeris,</strong></span> <span class='ocrx_word' id='word_1_310' title='bbox 997 3167 1034 3227; x_wconf 89' lang='lat' dir='ltr'><strong>de</strong></span> <span class='ocrx_word' id='word_1_311' title='bbox 1058 3186 1117 3246; x_wconf 84' lang='lat' dir='ltr'><strong>qua</strong></span> 
     </span>
    </p>
   </div>
   <div class='ocr_carea' id='block_1_3' title="bbox 99 3321 1127 3608">
    <p class='ocr_par' dir='ltr' id='par_1_3' title="bbox 99 3321 1127 3608">
     <span class='ocr_line' id='line_1_35' title="bbox 192 3321 1115 3394; baseline 0 -19"><span class='ocrx_word' id='word_1_312' title='bbox 192 3327 208 3375; x_wconf 99' lang='grc'><strong>3</strong></span> <span class='ocrx_word' id='word_1_313' title='bbox 228 3321 351 3394; x_wconf 85' lang='lat' dir='ltr'><strong>arotelli]</strong></span> <span class='ocrx_word' id='word_1_314' title='bbox 370 3321 493 3378; x_wconf 83' lang='lat' dir='ltr'><strong>trodelli.</strong></span> <span class='ocrx_word' id='word_1_315' title='bbox 587 3329 603 3378; x_wconf 82' lang='grc'>5</span> <span class='ocrx_word' id='word_1_316' title='bbox 623 3322 836 3377; x_wconf 83' lang='lat' dir='ltr'><strong>manducantur.</strong></span> <span class='ocrx_word' id='word_1_317' title='bbox 932 3329 947 3377; x_wconf 88' lang='grc'><strong>6</strong></span> <span class='ocrx_word' id='word_1_318' title='bbox 967 3321 1115 3392; x_wconf 81' lang='lat' dir='ltr'><strong>cachryos]</strong></span> 
     </span>
     <span class='ocr_line' id='line_1_36' title="bbox 100 3391 1115 3462; baseline 0.001 -17"><span class='ocrx_word' id='word_1_319' title='bbox 100 3391 222 3447; x_wconf 81' lang='lat' dir='ltr'><strong>cuchari.</strong></span> <span class='ocrx_word' id='word_1_320' title='bbox 296 3392 441 3450; x_wconf 75' lang='lat' dir='ltr'><strong>eminae.</strong></span> <span class='ocrx_word' id='word_1_321' title='bbox 515 3401 548 3450; x_wconf 90' lang='lat'><strong>10</strong></span> <span class='ocrx_word' id='word_1_322' title='bbox 568 3393 671 3449; x_wconf 85' lang='lat' dir='ltr'><strong>scoeni.</strong></span> <span class='ocrx_word' id='word_1_323' title='bbox 733 3400 764 3448; x_wconf 90' lang='lat'><strong>11</strong></span> <span class='ocrx_word' id='word_1_324' title='bbox 784 3392 929 3448; x_wconf 86' lang='lat' dir='ltr'><strong>illiriucae.</strong></span> <span class='ocrx_word' id='word_1_325' title='bbox 986 3397 1018 3446; x_wconf 80' lang='lat'><strong>12</strong></span> <span class='ocrx_word' id='word_1_326' title='bbox 1038 3409 1115 3462; x_wconf 85' lang='lat' dir='ltr'><strong>amy-</strong></span> 
     </span>
     <span class='ocr_line' id='line_1_37' title="bbox 100 3462 1127 3536; baseline -0.005 -19"><span class='ocrx_word' id='word_1_327' title='bbox 100 3462 211 3534; x_wconf 79' lang='lat' dir='ltr'><strong>gdalini</strong></span> <span class='ocrx_word' id='word_1_328' title='bbox 229 3465 343 3533; x_wconf 80' lang='lat' dir='ltr'><strong>scripsi:</strong></span> <span class='ocrx_word' id='word_1_329' title='bbox 360 3464 525 3536; x_wconf 79' lang='lat' dir='ltr'><strong>magdulini.</strong></span> <span class='ocrx_word' id='word_1_330' title='bbox 631 3471 663 3520; x_wconf 82' lang='lat'><strong>13</strong></span> <span class='ocrx_word' id='word_1_331' title='bbox 682 3465 805 3536; x_wconf 84' lang='lat' dir='ltr'><strong>pulvere.</strong></span> <span class='ocrx_word' id='word_1_332' title='bbox 907 3470 941 3519; x_wconf 81' lang='grc'><strong>18</strong></span> <span class='ocrx_word' id='word_1_333' title='bbox 960 3463 1127 3531; x_wconf 52' lang='lat' dir='ltr'><strong>sonutam.</strong></span> 
     </span>
     <span class='ocr_line' id='line_1_38' title="bbox 99 3533 683 3608; baseline 0.009 -19"><span class='ocrx_word' id='word_1_334' title='bbox 99 3540 133 3590; x_wconf 78' lang='lat'><strong>25</strong></span> <span class='ocrx_word' id='word_1_335' title='bbox 152 3535 220 3608; x_wconf 89' lang='lat' dir='ltr'><strong>mei]</strong></span> <span class='ocrx_word' id='word_1_336' title='bbox 240 3533 298 3589; x_wconf 91' lang='lat' dir='ltr'><strong>mii.</strong></span> <span class='ocrx_word' id='word_1_337' title='bbox 372 3541 406 3592; x_wconf 87' lang='grc'><strong>33</strong></span> <span class='ocrx_word' id='word_1_338' title='bbox 425 3535 683 3594; x_wconf 81' lang='lat' dir='ltr'><strong>circumcinxerint.</strong></span> 
     </span>
    </p>
   </div>
   <div class='ocr_carea' id='block_1_4' title="bbox 931 3618 993 3674">
    <p class='ocr_par' dir='ltr' id='par_1_4' title="bbox 931 3618 993 3674">
     <span class='ocr_line' id='line_1_39' title="bbox 931 3618 993 3674; baseline -0.016 0"><span class='ocrx_word' id='word_1_339' title='bbox 931 3618 993 3674; x_wconf 58' lang='lat' dir='ltr'><strong>‘ab&#39;</strong></span> 
     </span>
    </p>
   </div>
   <div class='ocr_carea' id='block_1_5' title="bbox 0 0 1224 3802">
    <p class='ocr_par' dir='ltr' id='par_1_5' title="bbox 0 0 1224 3802">
     <span class='ocr_line' id='line_1_40' title="bbox 0 0 1224 3802; baseline 0 0"><span class='ocrx_word' id='word_1_340' title='bbox 0 0 1224 3802; x_wconf 95' lang='lat' dir='ltr'><strong> </strong></span> 
     </span>
    </p>
   </div>
  </div>
 </body>
</html>
