2438 3802
519 135 735 200 ...76-

121 298 255 380 gendam,
279 299 437 360 coniicitur
460 300 517 360 sic:
554 297 641 358 Croci
666 296 765 377 -11,
788 299 900 378 piperis
924 297 983 358 albi
1006 300 1134 379 unciam,

121 388 287 467 aphronitri
323 389 459 468 unciam,
496 405 613 466 myrrae
651 387 787 464 unciam,
823 386 918 446 mellis
952 387 1042 446 Attici
1080 407 1134 448 un-

121 479 205 537 ciam.
252 475 379 537 Crocum
407 483 437 536 11
462 478 548 555 piper
572 494 608 535 ex
632 478 698 535 vino
722 483 816 555 teres,
844 477 1003 535 novissime
1027 476 1134 555 aphro-

121 567 233 626 nitrum
257 574 287 626 et
310 583 438 644 myrram
463 582 598 624 seorsum
622 571 761 624 conteres
784 571 814 624 et
838 566 880 624 sic
905 565 1043 625 universa
1065 583 1134 624 con·

69 656 230 732 109innges
260 661 348 732 atque
376 654 412 713 ad
441 653 672 714 suffundendum
704 654 799 712 uteris
827 671 863 713 ex
894 651 988 712 melle.
1036 651 1162 732 Hygras

120 742 258 822 mirifica,
285 761 360 820 quae
384 749 414 802 et
438 741 579 820 caligines
602 740 694 818 abigit
717 750 747 800 11
771 740 864 801 oculis
888 742 1009 802 sullusis
1033 741 1134 803 lumen

120 833 275 911 instaurat,
299 833 407 909 accipit
429 831 515 891 haec:
539 828 729 908 Opobalsami
753 822 792 915 >2
811 828 860 909 111,
883 848 999 908 myrrae
1024 822 1133 916 2111,

120 921 298 997 opopanacis
327 912 457 1005 3218,
485 918 581 980 mellis
609 920 700 979 Attici
732 917 879 978 selibram.
910 917 1132 997 ‚Opopanacem

118 1009 249 1087 primum
278 1026 313 1068 ex
341 1010 408 1067 vino
432 1015 512 1068 teres
536 1007 707 1088 diligenter,
730 1014 793 1068 tum
817 1025 946 1087 myrram
969 1008 1080 1068 adicies
1104 1020 1134 1068 et

119 1104 215 1176 teres,
243 1106 427 1175 postremum
456 1095 678 1174 opobalsamum
705 1095 796 1156 addes
819 1103 908 1175 atque
933 1098 1030 1156 omnia
1055 1115 1132 1157 com·
1149 1116 1175 1156 10

120 1187 250 1246 munitor
274 1185 399 1245 terendo
424 1184 600 1246 admiscebis
622 1193 652 1245 et
670 1192 773 1263 postea
792 1184 828 1244 ad
847 1185 1051 1263 inungendum
1072 1196 1134 1245 ute-

68 1275 175 1335 110ris.
208 1272 298 1334 Follis
317 1273 469 1352 gallinacei
489 1273 536 1334 vel
553 1274 705 1354 vulturini,
725 1273 803 1352 quod
822 1273 909 1352 longe
933 1275 1026 1351 magis
1047 1275 1133 1352 prod·

120 1369 178 1441 est,
209 1362 373 1442 scripulum
405 1371 433 1424 et
461 1363 558 1424 mellis
582 1363 686 1441 optimi
714 1363 832 1422 unciam
860 1361 935 1422 hene
966 1364 1036 1422 trita
1065 1381 1134 1423 con·

119 1453 225 1530 iunges
254 1459 342 1530 atque
371 1454 402 1512 in
428 1453 535 1531 pyxide
565 1469 674 1529 cuprea
701 1449 824 1510 habebis
853 1458 883 1510 et
907 1459 1073 1530 opportune
1098 1452 1133 1512 ad

119 1541 323 1619 inungendum
346 1542 454 1619 uteris,
483 1540 539 1600 hoc
563 1539 637 1599 nihil
660 1541 812 1616 potentius
836 1538 989 1618 caliginem
1015 1539 1133 1601 relevat.
1150 1559 1175 1599 15

67 1627 184 1688 111Ros
212 1631 405 1709 matutinum,
436 1628 515 1706 quod
539 1627 701 1688 inhaeserit
730 1635 827 1707 rutae,
853 1637 883 1688 11
910 1645 1014 1688 sucum
1044 1628 1134 1689 cheli-

119 1717 224 1777 doniae
252 1725 282 1777 11
310 1716 369 1776 mel
396 1719 540 1796 optimum
571 1715 778 1793 despumatum
805 1717 871 1795 pari
897 1734 1037 1776 mensura
1068 1736 1134 1797 per-

118 1807 210 1865 misce
239 1812 328 1884 atque
357 1805 393 1865 ad
421 1807 525 1866 tertias
553 1804 687 1883 decoque
717 1805 800 1864 etin
825 1805 931 1884 pyxide
955 1824 1063 1884 cuprea
1088 1825 1134 1868 re·

66 1893 218 1953 11111111
243 1901 273 1954 11
296 1893 456 1973 caligantes
480 1892 582 1954 oculos
601 1892 732 1953 infunde.
770 1891 859 1953 Follis
878 1902 975 1954 terrae
995 1904 1025 1954 et
1044 1894 1133 1955 cheli-

118 1981 222 2043 doniae
246 1985 402 2062 utriusque
421 1982 530 2043 herbae
551 2001 657 2043 sucum
684 2000 752 2042 cum
775 1981 872 2042 mellis
897 1985 1001 2061 optimi
1025 1983 1131 2063 despu·
1149 2004 1174 2043 eo

117 2073 190 2132 mati
212 2074 278 2151 pari
300 2091 439 2133 mensura
464 2073 611 2150 permisce
634 2079 722 2150 atque
742 2090 778 2131 ex
798 2089 832 2132 eo
852 2070 1012 2149 caligantes
1031 2072 1133 2134 oculos

66 2171 115 2220 111
125 2161 244 2241 inunge,
268 2161 473 2222 efficacissimo
497 2161 692 2222 medicamine
712 2162 815 2220 uteris.
854 2159 1006 2220 Satureiae
1030 2162 1132 2221 viridis

119 2267 191 2308 suco
220 2251 395 2309 tenuissimo
424 2252 449 2308 si
478 2249 601 2309 adsidue
630 2247 753 2326 angulos
786 2247 941 2308 oculorum
970 2251 1132 2330 contingas,

117 2335 271 2414 caliginem
306 2339 365 2397 cito
394 2337 545 2397 discuties.
592 2336 672 2396 ldem
703 2344 834 2414 praestat
863 2344 893 2397 et
925 2345 1009 2398 rutae
1042 2357 1133 2399 sucus

20 2453 26 2467 x
116 2441 170 2503 per
198 2423 324 2484 linteum
356 2433 446 2485 tenue
479 2441 639 2504 expressus
672 2426 703 2484 in
736 2425 842 2504 pyxide
876 2444 961 2485 aerea
994 2427 1131 2488 conditus
1147 2444 1173 2484 11

116 2518 204 2589 atque
228 2511 343 2590 angulis
366 2512 520 2573 oculorum
540 2510 728 2590 caligantium
749 2512 910 2593 adpositus.
947 2513 1010 2575 Hoc
1034 2519 1132 2576 citius-

116 2598 188 2660 libet
217 2603 321 2661 aetatis
344 2602 494 2661 hominem
517 2601 713 2661 infirmissimi
736 2603 817 2662 visus
838 2601 1015 2663 mirabiliter
1038 2617 1132 2683 curat,

64 2697 203 2748 11411111
226 2683 257 2749 'si
285 2689 396 2769 aliquid
425 2689 520 2749 mellis
544 2689 634 2749 Attici
666 2689 756 2750 luerit
786 2690 957 2751 admixtum.
1008 2691 1130 2752 Reme·

116 2777 210 2837 dium
240 2778 280 2838 ad
315 2786 488 2840 tumorem
522 2777 708 2839 oculorum
741 2778 794 2839 vel
827 2782 970 2840 nimiam
1003 2779 1130 2841 destil-

115 2864 295 2928 lationem.
343 2867 427 2929 Pulei
454 2867 544 2928 llores
572 2867 723 2947 destringe
752 2886 862 2948 eosque
891 2869 1066 2930 madefacito
1095 2887 1173 2931 exeo

115 2973 190 3035 aqua
220 2957 326 3036 lrigida
355 2965 385 3018 11
413 2965 535 3018 1111111
564 2955 639 3018 hene
668 2965 756 3036 atque
785 2976 821 3018 ex
848 2976 882 3018 eo
906 2961 997 3036 panni
1020 2962 1132 3020 tenuis-

116 3047 183 3105 simi
206 3054 321 3125 partem
350 3047 501 3108 dimidiam
524 3046 598 3126 line,
627 3055 659 3107 ut
687 3065 723 3106 ex
752 3046 842 3106 altera
865 3053 950 3124 parte
973 3050 1065 3126 panni
1089 3050 1131 3108 in-

115 3143 197 3212 tegas
225 3135 326 3195 oculos
352 3144 382 3196 et
410 3154 478 3196 cum
506 3134 561 3195 ibit
588 3135 764 3213 dormitum,
786 3136 837 3195 cui
860 3135 1038 3196 medendum
1065 3140 1132 3217 erit,

116 3239 205 3300 supra
244 3223 346 3284 oculos
382 3241 494 3302 pones,
531 3225 594 3301 ipsa
627 3232 714 3282 nocte
752 3230 898 3283 tumorem
936 3243 1131 3305 umoremque

62 3310 274 3372 1loocnlorum
304 3314 368 3372 eius
398 3310 522 3372 sedabis.
569 3310 611 3370 Ad
640 3309 794 3371 oculorum
823 3310 954 3372 subitum
984 3315 1128 3392 impetum
1143 3329 1170 3371 11

115 3398 160 3458 vel
189 3399 322 3460 dolorem
349 3400 513 3460 remedium
543 3398 645 3459 efficax
675 3400 730 3458 sic:
766 3398 876 3460 Sucum
901 3402 1050 3484 cardoniS,
1081 3423 1129 3465 su·

115 3503 183 3545 cum
206 3489 323 3548 urticae
340 3487 563 3567 Alexandrinae,
588 3505 693 3548 sucum
712 3486 878 3571 bugillonis,
897 3507 1029 3572 crocum,
1053 3501 1128 3552 atra-
