2438 3802
480 157 720 221 -361-

92 321 189 400 debet,
212 319 291 380 idem
316 327 345 379 et
368 327 488 398 postero
512 319 560 378 die
584 319 650 378 deri
673 311 836 398 oportebit;
859 321 948 379 tertia
966 319 1013 380 die
1034 339 1102 381 cum

92 409 251 470 fervefacta
274 408 385 468 luerint
408 409 514 488 omnia,
537 406 714 486 percolenda
738 415 826 466 erunt
850 415 879 466 et
897 408 1103 469 transferenda

92 501 123 558 in
157 496 316 559 caccabum
349 497 479 574 priorem
509 503 679 576 pertusum3
712 494 763 555 sed
792 501 860 554 ante
887 494 1045 573 diligenter
1073 504 1103 556 31

93 588 188 664 spisse
217 585 350 645 foramen
378 586 443 644 eius
471 582 670 644 obturandum
698 585 755 643 erit
782 590 871 661 atque
894 582 946 643 ubi
968 583 1103 661 congela-

65 677 170 734 sverit
197 692 228 733 se
257 672 361 752 adeps,
390 671 605 732 extrahendum
628 670 836 732 obturaculum
859 673 917 732 erit
942 679 971 732 et
994 673 1101 749 spissa·

92 769 227 822 mentum
245 759 465 841 removendum,
484 767 517 820 ut
531 761 632 820 vinum
648 777 733 819 omne
749 759 871 820 31113333
885 761 988 838 333311.
1017 758 1102 829 Quod

94 867 162 910 cum
185 848 355 930 deduxerit,
378 848 468 926 adeps
491 848 537 907 vel
560 846 822 928 medicamentum,
846 848 925 926 quod
948 847 1103 928 resederit,

92 955 163 998 vaso
182 945 302 1014 stagneo
321 955 381 997 uno
400 937 446 996 vel
464 935 601 1015 pluribus
619 934 777 1014 diligenter
796 938 908 1014 opertis
927 943 957 996 et
971 935 1103 1016 adplum·

93 1025 170 1086 batis
193 1033 363 1103 reponetur.

53 1133 80 1172 10
182 1113 295 1173 Harum
318 1114 579 1192 compositionum,
603 1113 629 1172 si
652 1129 710 1190 qua
733 1111 806 1171 fides
830 1118 884 1192 est,
908 1120 938 1171 et
960 1113 1024 1190 ipse
1049 1131 1103 1191 ego

94 1201 178 1262 utilia
200 1201 331 1261 remedia
354 1218 472 1278 semper
490 1207 631 1278 expertus
651 1217 717 1259 sum
737 1207 767 1259 et
785 1199 857 1259 alios
875 1199 954 1259 idem
974 1202 1103 1260 sensisse

95 1289 252 1370 confirmo3
270 1307 337 1349 nam
357 1296 387 1349 et
404 1288 476 1350 illud
496 1287 600 1367 adicio,
619 1305 806 1366 nequaquam
825 1286 895 1346 huic
914 1305 1006 1366 acopo
1026 1306 1104 1347 com·

94 1379 193 1457 parari
224 1396 311 1456 posse
344 1376 399 1437 3113
426 1376 633 1457 medicamina,
666 1394 741 1454 quae
773 1377 804 1434 in
832 1373 978 1434 similibus
1006 1377 1104 1436 causis

94 1465 229 1545 plerique
252 1467 415 1526 amicorum
438 1483 581 1545 meorum,
605 1463 714 1542 quibus
740 1481 833 1541 aeque
857 1481 891 1524 ac
914 1463 987 1523 mibi
1006 1463 1104 1542 credo,

54 1571 81 1612 33
96 1556 213 1632 egregia
237 1572 268 1614 se
292 1561 430 1632 expertos
454 1571 523 1613 cum
545 1551 737 1613 iureiurando
757 1552 994 1613 adfirmaverunt.
1030 1551 1104 1612 illud

95 1651 193 1702 autem
225 1644 396 1702 meminisse
429 1650 546 1719 oportet
574 1641 801 1701 medicaminum
829 1641 942 1718 peritos
970 1639 1015 1700 rel
1043 1648 1105 1700 stu·

95 1730 207 1811 diosos,
240 1747 462 1808 nonnumquam
486 1729 589 1789 eadem
612 1728 805 1788 medicamina
832 1730 865 1787 in
892 1727 998 1788 iisdem
1025 1729 1105 1788 vitiis

95 1821 230 1896 corporis
259 1818 304 1878 vel
331 1817 478 1878 similibus
504 1815 726 1876 infirmitatibus
753 1815 903 1876 interdum
926 1816 1032 1876 melius
1056 1816 1105 1876 de·

95 1909 226 1966 teriusve
254 1904 436 1985 respondere
463 1912 586 1984 propter
609 1922 768 1982 corporum
791 1903 1030 1982 inaequalitatem
1054 1911 1106 1964 aut

54 2011 82 2050 33
96 1992 294 2052 differentiam
317 2000 446 2053 aetatum
469 2000 521 2054 331
544 1994 793 2072 opportunitatem
812 1999 980 2069 temporum
1000 1992 1045 2052 vel
1064 1992 1105 2052 lo·

96 2097 208 2152 corum,
227 2080 279 2139 sed
299 2081 422 2141 adfirmo
441 2098 602 2159 prosperos
621 2089 753 2161 eventus,
772 2081 798 2139 si
817 2079 934 2158 quando
954 2098 1028 2159 opus
1043 2080 1105 2141 lue-

95 2171 135 2229 rit
158 2167 301 2248 adbiberi,
324 2167 378 2229 bas
402 2170 632 2246 compositiones
656 2185 774 2246 semper
797 2167 958 2228 habituras.

185 2255 383 2318 Chalasticum
407 2255 611 2335 Olympianum
635 2258 814 2318 cerotarium
838 2257 954 2334 insigne
978 2256 1014 2316 ad
1037 2273 1159 2323 ner-10

95 2363 199 2406 vorum
222 2345 341 2406 dolores
365 2352 394 2406 31
417 2351 563 2426 13333333,
590 2345 670 2424 quod
693 2345 772 2406 idem
795 2344 831 2404 ad
855 2344 993 2423 rhagadia
1017 2353 1047 2405 et
1069 2345 1106 2405 ad

56 2449 82 2491 33
95 2433 230 2512 33313133
253 2434 326 2495 31113
350 2443 407 2515 331,
438 2435 596 2495 coniicitur
619 2437 675 2495 sic:
710 2432 924 2515 Τ3313-11,
947 2433 1107 2495 masticbes

99 2522 193 2601 -11,
217 2541 338 2602 spumae
362 2526 478 2602 argenti
499 2557 537 2568 —
558 2522 595 2604 11,
618 2541 756 2584 cerussae
779 2557 817 2568 -
838 2521 873 2602 ll,
897 2521 1107 2602 molybdaenae

98 2642 136 2652 —
157 2609 193 2694 11,
217 2610 275 2670 3131
294 2614 373 2671 rosei
391 2611 422 2671 P.
442 2611 463 2692 1,
487 2629 573 2672 cerae
593 2610 675 2671 albae
695 2643 736 2653 -
756 2611 819 2691 1111,
838 2611 933 2690 adipis
952 2613 1107 2672 anserinae

98 2697 197 2776 -11,
222 2698 366 2758 medullae
390 2702 528 2758 cervinae
551 2697 653 2778 -11,
681 2715 786 2758 sucum
809 2698 993 2757 lactucarum
1017 2717 1107 2776 quan-

96 2793 159 2843 tum
182 2783 324 2862 sulticiat,
351 2787 392 2844 ita
420 2791 454 2844 31
481 2803 517 2844 ex
546 2801 636 2862 supra
660 2786 779 2861 scriptis
803 2801 878 2861 quae
902 2786 961 2844 teri
983 2803 1106 2845 necesse

54 2877 143 2931 33331
174 2887 242 2929 cum
275 2888 347 2930 suco
379 2872 444 2947 ipso
477 2869 554 2930 bene
585 2878 721 2930 terantur
753 2879 782 2930 et
813 2877 917 2947 postea
949 2873 1107 2948 supermit-

95 2966 197 3020 tantur
224 2964 389 3037 unguenta,
421 2956 452 3016 id
486 2964 533 3018 est
565 2956 677 3036 oleum,
710 2975 778 3017 cera
812 2964 842 3016 ct
874 2957 964 3036 adeps
993 2961 1107 3018 anseris

96 3055 126 3108 31
154 3045 282 3107 medulla
312 3047 444 3127 cervina,
473 3053 503 3105 31
531 3046 574 3105 313
602 3045 770 3105 conlectum
795 3044 980 3105 medicamen
1003 3047 1034 3106 in
1057 3065 1107 3125 py-

95 3135 163 3196 xide
197 3143 317 3214 stagnea
350 3143 400 3196 331
432 3136 464 3195 in
497 3132 616 3194 vasculo
648 3132 787 3213 plumbeo
819 3140 995 3214 reponatur3
1028 3136 1108 3194 simi·

96 3225 164 3285 liter
187 3226 218 3284 in
242 3226 443 3285 contractione
467 3240 626 3284 nervorum
650 3241 719 3284 caro
742 3221 912 3302 palumbina
935 3230 1052 3303 sumpta
1076 3225 1107 3283 in

56 3331 82 3374 33
97 3312 163 3374 cibo
187 3312 318 3390 prodest.

172 3503 209 3552 10
225 3499 303 3574 59⁸³]
319 3502 509 3565 Suetonium
529 3507 678 3585 intelliqe‚
694 3507 783 3568 33133
798 3504 878 3560 boae
897 3483 1095 3552 3333333133-
