2438 3802
527 180 564 188 -
613 144 767 208 304-

142 324 217 386 aqua
245 306 388 388 admixta3
417 306 521 366 eodem
548 306 636 366 modo
660 305 790 366 dandum
813 313 859 366 est
882 313 913 366 et
936 307 988 386 eis,
1012 307 1066 385 qui
1092 324 1162 366 san-

142 397 263 475 guinem
286 413 339 476 per
363 397 479 457 urinam
503 394 550 454 vel
572 394 669 455 alvum
692 394 835 475 reddunt,
862 413 919 454 nec
941 396 1042 454 minus
1066 397 1163 456 etiam

142 484 330 564 mutieribus,
363 503 438 564 quae
466 483 560 543 liuore
589 483 815 562 sanguinolento
842 483 1037 564 infestantur,
1067 501 1162 562 quem

142 575 222 635 rhun
245 574 388 652 erythron
411 572 517 632 Graeci
539 571 652 651 dicunt,
674 572 721 632 vel
744 590 819 650 quae
842 589 879 632 ex
902 579 990 650 partu
1010 571 1162 633 abortuve

143 662 280 723 residuos
303 661 405 721 vulvae
429 659 546 720 dolores
569 659 693 742 babent,
716 662 800 720 etin
823 667 928 740 totum,
951 659 1063 738 qrribus
1089 677 1186 739 sup-e

142 748 317 829 primendus
345 757 391 808 est
418 748 495 809 lluor
523 756 574 809 aut
597 748 753 828 exaliqua
776 756 860 827 parte
883 750 1019 827 corporis
1043 747 1161 810 inflatio

143 836 279 897 tollenda.
317 836 435 914 Recipit
457 844 556 896 autem
579 837 665 898 baec:
689 836 794 917 Spicae
818 836 911 916 nardi,
935 839 1020 917 costi,
1043 839 1161 917 piperis

143 923 215 1005 albi,
241 926 354 1003 piperis
377 927 464 1005 nigri,
487 927 600 1004 piperis
623 925 712 1006 longi,
736 943 861 1007 myrrae,
884 926 953 1005 opii,
976 924 1162 1005 Apollinaris

143 1013 262 1094 radicis,
285 1015 422 1094 cinnami,
446 1016 532 1093 asari,
556 1016 645 1096 acori,
668 1016 754 1096 turis,
778 1013 926 1074 brassicae
950 1016 1087 1093 seminis,
1115 1034 1162 1076 oa-

143 1104 248 1182 storei,
277 1101 462 1180 singulorum
489 1103 628 1163 denarios
655 1100 722 1183 Xll,
751 1103 929 1181 opopanacis
956 1101 982 1161 K
1010 1101 1051 1183 X,
1079 1112 1196 1165 stoc-ro

142 1190 260 1271 obadis,
292 1190 392 1272 dauci,
425 1209 538 1272 ameos,
570 1191 756 1269 singulorum
786 1190 923 1250 denarios
953 1188 1060 1270 XVlll,
1094 1192 1162 1252 silis

144 1278 253 1340 Cretici
281 1279 307 1339 ll
330 1279 452 1362 xx11ss3
481 1280 566 1340 melle
594 1281 692 1340 Attico
719 1279 793 1338 baec
821 1281 1012 1357 excipiuntur
1040 1298 1075 1340 ac
1104 1283 1161 1341 mi·

144 1375 274 1428 scentur.
315 1368 408 1430 Datur
431 1387 490 1429 non
513 1369 580 1447 plus
605 1385 693 1448 quam
716 1367 831 1427 denarii
853 1367 969 1447 pondus
993 1375 1045 1428 aut
1064 1370 1161 1429 victo-

143 1458 225 1536 riati,
249 1459 367 1538 ceteris,
389 1465 479 1536 prout
502 1459 648 1536 cuiusque
673 1458 750 1516 vires
769 1455 972 1536 postulabunt,
995 1456 1160 1518 dummodo

144 1544 221 1605 inira
238 1545 295 1605 hoc
314 1544 440 1625 pondus,
459 1562 495 1604 ex
514 1563 606 1623 aquae
625 1544 736 1605 calidae
753 1545 867 1623 cyathis
881 1543 978 1605 tribus
991 1546 1023 1605 in
1037 1553 1162 1607 noctem
1176 1561 1201 1602 15

145 1633 310 1693 secundum
338 1651 449 1694 cenam.
495 1632 574 1694 llaec
602 1636 684 1712 potio
712 1634 801 1692 etiam
829 1632 1068 1694 febricitantibus
1091 1642 1161 1696 tuto

145 1720 241 1802 datur,
264 1740 369 1782 verum
392 1721 529 1782 coeliacis
547 1724 579 1782 in
599 1723 664 1800 ipso
684 1721 785 1781 dolore
805 1721 935 1800 prodest.
967 1720 1069 1783 Vitreo
1088 1741 1161 1784 vase

145 1809 200 1870 sub
224 1810 385 1891 signaculo,
408 1819 442 1871 ut
464 1812 557 1870 moris
580 1818 634 1892 est,
658 1817 801 1870 servatur.

109 1910 125 1959 t
233 1898 277 1958 Ad
297 1899 355 1961 coli
373 1899 505 1960 dolorem
524 1899 637 1961 faciunt
653 1899 773 1980 quidem
787 1899 912 1960 mirifice
927 1916 1002 1978 quae
1017 1901 1161 1978 superius

144 1988 240 2064 posita
255 1997 333 2069 sunt,
348 1989 400 2049 sed
415 1997 449 2050 ut
462 1997 561 2049 cetera
576 1989 789 2050 medicamenta
804 1989 835 2047 in
850 1987 914 2048 aliis
927 1989 1008 2048 vitiis
1022 1987 1162 2050 dolorem
1175 2005 1201 2044 eo

145 2074 242 2135 levant
260 2079 406 2160 protinuS,
425 2080 466 2138 ita
484 2077 550 2161 hoc,
570 2078 648 2158 quod
668 2077 804 2138 dicturus
823 2094 899 2156 sum,
919 2094 1010 2155 supra
1028 2076 1161 2138 bominis

145 2171 176 2224 et
199 2182 282 2242 spem
306 2175 336 2227 et
359 2167 563 2228 condicionem
585 2167 653 2227 ilico
672 2165 796 2245 prodest
817 2166 944 2244 ideoque
967 2167 1064 2243 primo
1083 2173 1161 2226 tem-

144 2270 218 2331 pore
241 2271 279 2312 ne
303 2254 376 2314 fides
400 2255 520 2334 quidem
543 2255 670 2316 babetur
694 2255 813 2314 effectui
832 2255 906 2334 eius,
928 2259 1031 2332 postea
1050 2272 1162 2314 veroa

144 2338 227 2399 nullo
242 2343 313 2400 satis
328 2342 416 2419 digne
430 2342 545 2402 laudari
557 2350 670 2423 potest,
689 2360 757 2402 nam
772 2343 846 2402 etin
860 2343 1011 2420 praesenti
1025 2341 1162 2402 dolorem

145 2424 222 2486 tollit
245 2435 275 2486 et
297 2430 329 2486 in
352 2429 487 2488 futurum
510 2432 667 2509 remediat,
695 2448 733 2489 ne
761 2447 902 2508 umquam
925 2429 1009 2492 dolor
1032 2439 1160 2508 repetat.
1176 2444 1201 2486 ss

145 2512 223 2573 Raro
247 2516 326 2574 enim
348 2518 414 2594 quis
433 2518 542 2577 iterum
562 2526 613 2578 aut
631 2526 665 2579 ut
684 2535 833 2578 summum
852 2520 941 2580 tertio
960 2526 1082 2597 accepto
1101 2518 1162 2579 boc

145 2600 361 2664 medicamento
385 2613 506 2666 vexatus
528 2612 587 2686 est3
611 2605 804 2686 quamobrem
823 2609 849 2666 si
868 2607 984 2686 quando
1003 2609 1162 2685 repetierit

146 2692 256 2751 iterum
279 2692 372 2775 dolor,
396 2693 508 2754 dandae
532 2703 621 2756 erunt
643 2713 697 2774 per
721 2695 854 2756 triduum
877 2703 907 2756 et
929 2703 1002 2755 tunc
1022 2697 1160 2775 potiones

144 2779 251 2840 eodem
278 2781 380 2863 modo,
407 2801 466 2862 quo
494 2791 524 2844 et
551 2786 648 2863 primo
678 2784 762 2846 datae
791 2785 909 2845 luerint.
951 2783 1106 2844 Interdum
1130 2789 1162 2843 et

146 2871 177 2930 in
205 2872 294 2931 tertio
323 2871 424 2932 dolore
454 2873 559 2934 eodem
586 2892 695 2953 genere
723 2875 859 2953 potiones
888 2871 1052 2953 dabuntur,
1080 2871 1162 2950 quod
1176 2886 1202 2927 so

146 2977 214 3019 raro
238 2960 358 3039 quidem
382 2962 505 3044 accidet,
531 2971 565 3024 ut
586 2971 657 3043 post
674 2963 800 3042 primam
819 2963 970 3041 potionem
989 2959 1074 3020 dolor
1094 2959 1162 3021 red·

147 3056 207 3129 eat3
239 3050 292 3110 sed
321 3051 347 3110 si
374 3050 550 3112 admonente
578 3070 667 3113 causa
696 3053 805 3112 iterum
836 3057 925 3128 atque
954 3051 1064 3110 iterum
1093 3049 1163 3110 data

145 3136 250 3217 fuerit,
277 3140 308 3199 in
339 3138 474 3200 loturum
502 3159 621 3220 quoque
649 3142 691 3200 ita
719 3136 907 3219 remediabit,
934 3145 968 3198 ut
995 3155 1034 3197 ne
1064 3139 1163 3217 suspi-

147 3226 193 3284 cio
222 3226 342 3305 quidem
372 3226 430 3288 ulla
452 3229 522 3289 huic
546 3230 617 3289 vitio
641 3228 840 3308 relinquatur,
869 3228 894 3287 si
918 3225 1035 3305 quando
1059 3232 1163 3286 tamen

218 3435 252 3484 23
270 3431 319 3502 ne]
338 3447 398 3486 nec.
503 3434 617 3502 quidem
635 3449 685 3507 op.
768 3430 881 3488 effectui
898 3431 1013 3502 scripsi:
1031 3429 1162 3487 effeetus.

146 3504 181 3553 st
199 3500 444 3558 medicamentum.
517 3510 551 3559 28
571 3504 671 3559 denda.
