<?xml version="1.0" encoding="UTF-8"?>
<!DOCTYPE html PUBLIC "-//W3C//DTD XHTML 1.0 Transitional//EN"
    "http://www.w3.org/TR/xhtml1/DTD/xhtml1-transitional.dtd">
<html xmlns="http://www.w3.org/1999/xhtml" xml:lang="en" lang="en">
 <head>
  <title>
</title>
<meta http-equiv="Content-Type" content="text/html;charset=utf-8" />
  <meta name='ocr-system' content='tesseract 3.04.00' />
  <meta name='ocr-capabilities' content='ocr_page ocr_carea ocr_par ocr_line ocrx_word'/>
</head>
<body>
  <div class='ocr_page' id='page_1' title='image "./marcellidemedic01helmgoog_0250.png"; bbox 0 0 2438 3802; ppageno 0'>
   <div class='ocr_carea' id='block_1_1' title="bbox 483 104 720 211">
    <p class='ocr_par' dir='ltr' id='par_1_1' title="bbox 483 104 720 211">
     <span class='ocr_line' id='line_1_1' title="bbox 483 104 720 211; baseline -0.008 0"><span class='ocrx_word' id='word_1_1' title='bbox 483 104 720 211; x_wconf 57' lang='lat'>4239-</span> 
     </span>
    </p>
   </div>
   <div class='ocr_carea' id='block_1_2' title="bbox 53 307 1163 3228">
    <p class='ocr_par' dir='ltr' id='par_1_2' title="bbox 92 307 1161 655">
     <span class='ocr_line' id='line_1_2' title="bbox 92 307 1108 392; baseline 0.001 -23"><span class='ocrx_word' id='word_1_2' title='bbox 92 313 172 370; x_wconf 91' lang='lat' dir='ltr'>intra</span> <span class='ocrx_word' id='word_1_3' title='bbox 194 309 339 388; x_wconf 89' lang='lat' dir='ltr'>parietem</span> <span class='ocrx_word' id='word_1_4' title='bbox 363 307 532 369; x_wconf 91' lang='lat' dir='ltr'>dormitorii</span> <span class='ocrx_word' id='word_1_5' title='bbox 551 308 679 369; x_wconf 83' lang='lat' dir='ltr'>cubiculi</span> <span class='ocrx_word' id='word_1_6' title='bbox 699 310 835 390; x_wconf 88' lang='lat' dir='ltr'>tectorio,</span> <span class='ocrx_word' id='word_1_7' title='bbox 857 309 887 369; x_wconf 94' lang='lat' dir='ltr'>id</span> <span class='ocrx_word' id='word_1_8' title='bbox 908 317 953 370; x_wconf 86' lang='lat' dir='ltr'>cst</span> <span class='ocrx_word' id='word_1_9' title='bbox 972 311 1108 392; x_wconf 81' lang='lat' dir='ltr'><strong>capsella,</strong></span> 
     </span>
     <span class='ocr_line' id='line_1_3' title="bbox 93 397 1161 478; baseline 0.001 -19"><span class='ocrx_word' id='word_1_10' title='bbox 93 398 228 459; x_wconf 89' lang='lat' dir='ltr'>inclusus</span> <span class='ocrx_word' id='word_1_11' title='bbox 251 399 408 477; x_wconf 80' lang='lat' dir='ltr'>reponitur</span> <span class='ocrx_word' id='word_1_12' title='bbox 432 407 462 458; x_wconf 88' lang='lat' dir='ltr'>et</span> <span class='ocrx_word' id='word_1_13' title='bbox 485 397 615 476; x_wconf 83' lang='lat' dir='ltr'>desuper</span> <span class='ocrx_word' id='word_1_14' title='bbox 638 404 685 458; x_wconf 90' lang='lat' dir='ltr'>ter</span> <span class='ocrx_word' id='word_1_15' title='bbox 708 399 811 456; x_wconf 88' lang='lat' dir='ltr'>novies</span> <span class='ocrx_word' id='word_1_16' title='bbox 835 399 978 476; x_wconf 91' lang='lat' dir='ltr'>signatur.</span> <span class='ocrx_word' id='word_1_17' title='bbox 1016 400 1106 478; x_wconf 89' lang='lat' dir='ltr'>Splen</span> <span class='ocrx_word' id='word_1_18' title='bbox 1125 411 1161 460; x_wconf 84' lang='lat'>48</span> 
     </span>
     <span class='ocr_line' id='line_1_4' title="bbox 93 485 1108 567; baseline 0.001 -20"><span class='ocrx_word' id='word_1_19' title='bbox 93 488 204 548; x_wconf 87' lang='lat' dir='ltr'>viventi</span> <span class='ocrx_word' id='word_1_20' title='bbox 218 486 315 548; x_wconf 88' lang='lat' dir='ltr'>catulo</span> <span class='ocrx_word' id='word_1_21' title='bbox 330 494 486 564; x_wconf 83' lang='lat' dir='ltr'>exemptus</span> <span class='ocrx_word' id='word_1_22' title='bbox 501 486 636 567; x_wconf 79' lang='lat' dir='ltr'>ciboque,</span> <span class='ocrx_word' id='word_1_23' title='bbox 655 485 707 546; x_wconf 92' lang='lat' dir='ltr'>sed</span> <span class='ocrx_word' id='word_1_24' title='bbox 727 493 829 546; x_wconf 90' lang='lat' dir='ltr'>coctus</span> <span class='ocrx_word' id='word_1_25' title='bbox 849 486 1005 566; x_wconf 89' lang='lat' dir='ltr'>splenitico</span> <span class='ocrx_word' id='word_1_26' title='bbox 1021 488 1108 549; x_wconf 91' lang='lat' dir='ltr'>datus</span> 
     </span>
     <span class='ocr_line' id='line_1_5' title="bbox 92 573 1109 655; baseline 0 -19"><span class='ocrx_word' id='word_1_27' title='bbox 92 577 243 655; x_wconf 82' lang='lat' dir='ltr'>ignoranti</span> <span class='ocrx_word' id='word_1_28' title='bbox 259 575 368 636; x_wconf 89' lang='lat' dir='ltr'>liberat</span> <span class='ocrx_word' id='word_1_29' title='bbox 386 593 455 635; x_wconf 90' lang='lat' dir='ltr'>eom</span> <span class='ocrx_word' id='word_1_30' title='bbox 474 577 609 654; x_wconf 88' lang='lat' dir='ltr'>quamvis</span> <span class='ocrx_word' id='word_1_31' title='bbox 627 577 756 654; x_wconf 87' lang='lat' dir='ltr'>graviter</span> <span class='ocrx_word' id='word_1_32' title='bbox 775 573 967 636; x_wconf 77' lang='lat' dir='ltr'>laborantem.</span> <span class='ocrx_word' id='word_1_33' title='bbox 997 576 1109 637; x_wconf 86' lang='lat' dir='ltr'>Sedant</span> 
     </span>
    </p>

    <p class='ocr_par' dir='ltr' id='par_1_3' title="bbox 65 663 1108 832">
     <span class='ocr_line' id='line_1_6' title="bbox 65 663 1108 744; baseline 0.005 -25"><span class='ocrx_word' id='word_1_34' title='bbox 65 665 181 725; x_wconf 83' lang='lat' dir='ltr'>olienis</span> <span class='ocrx_word' id='word_1_35' title='bbox 208 663 340 725; x_wconf 92' lang='lat' dir='ltr'>dolorem</span> <span class='ocrx_word' id='word_1_36' title='bbox 368 663 484 724; x_wconf 88' lang='lat' dir='ltr'>radices</span> <span class='ocrx_word' id='word_1_37' title='bbox 512 663 605 724; x_wconf 87' lang='lat' dir='ltr'>violae</span> <span class='ocrx_word' id='word_1_38' title='bbox 632 663 742 744; x_wconf 87' lang='lat' dir='ltr'>luteae,</span> <span class='ocrx_word' id='word_1_39' title='bbox 777 665 803 723; x_wconf 92' lang='lat' dir='ltr'>si</span> <span class='ocrx_word' id='word_1_40' title='bbox 836 682 872 724; x_wconf 85' lang='lat' dir='ltr'>ex</span> <span class='ocrx_word' id='word_1_41' title='bbox 900 672 984 725; x_wconf 91' lang='lat' dir='ltr'>aceto</span> <span class='ocrx_word' id='word_1_42' title='bbox 1013 665 1108 744; x_wconf 88' lang='lat' dir='ltr'>spleni</span> 
     </span>
     <span class='ocr_line' id='line_1_7' title="bbox 93 752 552 832; baseline -0.004 -18"><span class='ocrx_word' id='word_1_43' title='bbox 93 756 156 814; x_wconf 88' lang='lat' dir='ltr'>vice</span> <span class='ocrx_word' id='word_1_44' title='bbox 181 752 334 832; x_wconf 88' lang='lat' dir='ltr'>emplastri</span> <span class='ocrx_word' id='word_1_45' title='bbox 356 752 552 831; x_wconf 76' lang='lat' dir='ltr'>adponuntur.</span> 
     </span>
    </p>

    <p class='ocr_par' dir='ltr' id='par_1_4' title="bbox 92 840 1160 1101">
     <span class='ocr_line' id='line_1_8' title="bbox 183 840 1160 920; baseline -0.002 -18"><span class='ocrx_word' id='word_1_46' title='bbox 183 841 345 903; x_wconf 79' lang='lat' dir='ltr'>Tamaricis</span> <span class='ocrx_word' id='word_1_47' title='bbox 368 841 500 902; x_wconf 90' lang='lat' dir='ltr'>radicem</span> <span class='ocrx_word' id='word_1_48' title='bbox 522 840 569 901; x_wconf 90' lang='lat' dir='ltr'>vel</span> <span class='ocrx_word' id='word_1_49' title='bbox 595 840 666 901; x_wconf 87' lang='lat' dir='ltr'>folia</span> <span class='ocrx_word' id='word_1_50' title='bbox 689 842 759 902; x_wconf 92' lang='lat' dir='ltr'>trita</span> <span class='ocrx_word' id='word_1_51' title='bbox 784 859 820 901; x_wconf 85' lang='lat' dir='ltr'>ex</span> <span class='ocrx_word' id='word_1_52' title='bbox 843 850 926 903; x_wconf 90' lang='lat' dir='ltr'>aceto</span> <span class='ocrx_word' id='word_1_53' title='bbox 950 841 1032 903; x_wconf 89' lang='lat' dir='ltr'>bibat</span> <span class='ocrx_word' id='word_1_54' title='bbox 1055 844 1108 920; x_wconf 95' lang='lat' dir='ltr'>qui</span> <span class='ocrx_word' id='word_1_55' title='bbox 1126 851 1160 900; x_wconf 85' lang='grc'>49</span> 
     </span>
     <span class='ocr_line' id='line_1_9' title="bbox 93 929 1108 1012; baseline -0.002 -20"><span class='ocrx_word' id='word_1_56' title='bbox 93 932 129 992; x_wconf 88' lang='lat' dir='ltr'>dc</span> <span class='ocrx_word' id='word_1_57' title='bbox 160 930 262 1011; x_wconf 91' lang='lat' dir='ltr'>splene</span> <span class='ocrx_word' id='word_1_58' title='bbox 289 929 419 1011; x_wconf 89' lang='lat' dir='ltr'>laborat,</span> <span class='ocrx_word' id='word_1_59' title='bbox 447 932 533 991; x_wconf 91' lang='lat' dir='ltr'>cuius</span> <span class='ocrx_word' id='word_1_60' title='bbox 565 947 653 990; x_wconf 89' lang='lat' dir='ltr'>usum</span> <span class='ocrx_word' id='word_1_61' title='bbox 682 931 707 990; x_wconf 91' lang='lat' dir='ltr'>si</span> <span class='ocrx_word' id='word_1_62' title='bbox 736 932 867 1009; x_wconf 83' lang='lat' dir='ltr'>experiri</span> <span class='ocrx_word' id='word_1_63' title='bbox 895 931 1041 1012; x_wconf 89' lang='lat' dir='ltr'>volueris,</span> <span class='ocrx_word' id='word_1_64' title='bbox 1071 930 1108 990; x_wconf 93' lang='lat' dir='ltr'>da</span> 
     </span>
     <span class='ocr_line' id='line_1_10' title="bbox 92 1018 1108 1101; baseline -0.002 -20"><span class='ocrx_word' id='word_1_65' title='bbox 92 1039 184 1100; x_wconf 93' lang='lat' dir='ltr'>porco</span> <span class='ocrx_word' id='word_1_66' title='bbox 213 1019 357 1080; x_wconf 89' lang='lat' dir='ltr'>edendam</span> <span class='ocrx_word' id='word_1_67' title='bbox 384 1035 446 1098; x_wconf 88' lang='lat' dir='ltr'>per</span> <span class='ocrx_word' id='word_1_68' title='bbox 466 1018 530 1080; x_wconf 89' lang='lat' dir='ltr'>dies</span> <span class='ocrx_word' id='word_1_69' title='bbox 553 1037 673 1100; x_wconf 78' lang='lat' dir='ltr'>novem3</span> <span class='ocrx_word' id='word_1_70' title='bbox 696 1037 765 1080; x_wconf 92' lang='lat' dir='ltr'>cum</span> <span class='ocrx_word' id='word_1_71' title='bbox 789 1037 856 1080; x_wconf 89' lang='lat' dir='ltr'>eum</span> <span class='ocrx_word' id='word_1_72' title='bbox 883 1019 1015 1101; x_wconf 88' lang='lat' dir='ltr'>occides,</span> <span class='ocrx_word' id='word_1_73' title='bbox 1044 1022 1108 1080; x_wconf 92' lang='lat' dir='ltr'>sine</span> 
     </span>
    </p>

    <p class='ocr_par' dir='ltr' id='par_1_5' title="bbox 53 1109 363 1189">
     <span class='ocr_line' id='line_1_11' title="bbox 53 1109 363 1189; baseline -0.006 -19"><span class='ocrx_word' id='word_1_74' title='bbox 53 1123 80 1162; x_wconf 87' lang='lat'>1⁰</span> <span class='ocrx_word' id='word_1_75' title='bbox 94 1109 197 1189; x_wconf 90' lang='lat' dir='ltr'>splene</span> <span class='ocrx_word' id='word_1_76' title='bbox 220 1110 363 1170; x_wconf 90' lang='lat' dir='ltr'>invenies.</span> 
     </span>
    </p>

    <p class='ocr_par' dir='ltr' id='par_1_6' title="bbox 93 1195 1161 1542">
     <span class='ocr_line' id='line_1_12' title="bbox 181 1195 1160 1275; baseline -0.004 -17"><span class='ocrx_word' id='word_1_77' title='bbox 181 1197 305 1258; x_wconf 84' lang='lat' dir='ltr'>Lacerta</span> <span class='ocrx_word' id='word_1_78' title='bbox 328 1196 432 1257; x_wconf 88' lang='lat' dir='ltr'>viridis</span> <span class='ocrx_word' id='word_1_79' title='bbox 452 1198 517 1256; x_wconf 88' lang='lat' dir='ltr'>viva</span> <span class='ocrx_word' id='word_1_80' title='bbox 536 1197 567 1256; x_wconf 92' lang='lat' dir='ltr'>in</span> <span class='ocrx_word' id='word_1_81' title='bbox 586 1198 662 1256; x_wconf 92' lang='lat' dir='ltr'>ostio</span> <span class='ocrx_word' id='word_1_82' title='bbox 682 1196 831 1275; x_wconf 89' lang='lat' dir='ltr'>splenitici</span> <span class='ocrx_word' id='word_1_83' title='bbox 848 1204 916 1257; x_wconf 88' lang='lat' dir='ltr'>ante</span> <span class='ocrx_word' id='word_1_84' title='bbox 936 1195 1107 1257; x_wconf 91' lang='lat' dir='ltr'>cubiculum</span> <span class='ocrx_word' id='word_1_85' title='bbox 1126 1205 1160 1255; x_wconf 81' lang='lat'>50</span> 
     </span>
     <span class='ocr_line' id='line_1_13' title="bbox 94 1282 1107 1365; baseline -0.004 -18"><span class='ocrx_word' id='word_1_86' title='bbox 94 1289 159 1347; x_wconf 92' lang='lat' dir='ltr'>eius</span> <span class='ocrx_word' id='word_1_87' title='bbox 183 1285 376 1365; x_wconf 91' lang='lat' dir='ltr'>suspenditur</span> <span class='ocrx_word' id='word_1_88' title='bbox 399 1287 453 1364; x_wconf 88' lang='lat' dir='ltr'>ita,</span> <span class='ocrx_word' id='word_1_89' title='bbox 482 1293 516 1345; x_wconf 88' lang='lat' dir='ltr'>ut</span> <span class='ocrx_word' id='word_1_90' title='bbox 543 1282 709 1363; x_wconf 88' lang='lat' dir='ltr'>procedens</span> <span class='ocrx_word' id='word_1_91' title='bbox 737 1292 767 1345; x_wconf 88' lang='lat' dir='ltr'>et</span> <span class='ocrx_word' id='word_1_92' title='bbox 790 1284 910 1344; x_wconf 91' lang='lat' dir='ltr'>rediens</span> <span class='ocrx_word' id='word_1_93' title='bbox 939 1303 1003 1345; x_wconf 92' lang='lat' dir='ltr'>eam</span> <span class='ocrx_word' id='word_1_94' title='bbox 1032 1302 1107 1344; x_wconf 88' lang='lat' dir='ltr'>sem-</span> 
     </span>
     <span class='ocr_line' id='line_1_14' title="bbox 93 1374 1107 1455; baseline -0.003 -20"><span class='ocrx_word' id='word_1_95' title='bbox 93 1393 148 1455; x_wconf 90' lang='lat' dir='ltr'>per</span> <span class='ocrx_word' id='word_1_96' title='bbox 178 1393 267 1435; x_wconf 91' lang='lat' dir='ltr'>manu</span> <span class='ocrx_word' id='word_1_97' title='bbox 300 1375 421 1435; x_wconf 90' lang='lat' dir='ltr'>sinistra</span> <span class='ocrx_word' id='word_1_98' title='bbox 454 1381 482 1434; x_wconf 90' lang='lat' dir='ltr'>et</span> <span class='ocrx_word' id='word_1_99' title='bbox 516 1375 611 1452; x_wconf 90' lang='lat' dir='ltr'>capite</span> <span class='ocrx_word' id='word_1_100' title='bbox 642 1375 807 1453; x_wconf 73' lang='lat' dir='ltr'>contingat,</span> <span class='ocrx_word' id='word_1_101' title='bbox 840 1391 899 1452; x_wconf 95' lang='lat' dir='ltr'>quo</span> <span class='ocrx_word' id='word_1_102' title='bbox 927 1374 1004 1433; x_wconf 87' lang='lat' dir='ltr'>lacto</span> <span class='ocrx_word' id='word_1_103' title='bbox 1033 1375 1107 1433; x_wconf 91' lang='lat' dir='ltr'>mire</span> 
     </span>
     <span class='ocr_line' id='line_1_15' title="bbox 94 1461 1161 1542; baseline -0.006 -18"><span class='ocrx_word' id='word_1_104' title='bbox 94 1464 130 1524; x_wconf 91' lang='lat' dir='ltr'>ad</span> <span class='ocrx_word' id='word_1_105' title='bbox 159 1465 314 1524; x_wconf 88' lang='lat' dir='ltr'>sanitatem</span> <span class='ocrx_word' id='word_1_106' title='bbox 342 1463 486 1542; x_wconf 87' lang='lat' dir='ltr'>proficiet.</span> <span class='ocrx_word' id='word_1_107' title='bbox 531 1461 660 1522; x_wconf 89' lang='lat' dir='ltr'>Herbam</span> <span class='ocrx_word' id='word_1_108' title='bbox 684 1461 869 1522; x_wconf 93' lang='lat' dir='ltr'>urceolarem</span> <span class='ocrx_word' id='word_1_109' title='bbox 896 1463 927 1522; x_wconf 90' lang='lat' dir='ltr'>in</span> <span class='ocrx_word' id='word_1_110' title='bbox 956 1480 1031 1541; x_wconf 93' lang='lat' dir='ltr'>aqua</span> <span class='ocrx_word' id='word_1_111' title='bbox 1060 1461 1109 1522; x_wconf 90' lang='lat' dir='ltr'>de·</span> <span class='ocrx_word' id='word_1_112' title='bbox 1127 1470 1161 1519; x_wconf 80' lang='lat'>51</span> 
     </span>
    </p>

    <p class='ocr_par' dir='ltr' id='par_1_7' title="bbox 53 1550 1109 1714">
     <span class='ocr_line' id='line_1_16' title="bbox 53 1550 1109 1632; baseline -0.004 -18"><span class='ocrx_word' id='word_1_113' title='bbox 53 1565 79 1606; x_wconf 82' lang='lat'>1⁵</span> <span class='ocrx_word' id='word_1_114' title='bbox 94 1560 208 1614; x_wconf 89' lang='lat' dir='ltr'>coctam</span> <span class='ocrx_word' id='word_1_115' title='bbox 236 1553 272 1612; x_wconf 94' lang='lat' dir='ltr'>da</span> <span class='ocrx_word' id='word_1_116' title='bbox 300 1551 414 1612; x_wconf 89' lang='lat' dir='ltr'>lienoso</span> <span class='ocrx_word' id='word_1_117' title='bbox 443 1569 510 1612; x_wconf 91' lang='lat' dir='ltr'>cum</span> <span class='ocrx_word' id='word_1_118' title='bbox 540 1550 605 1612; x_wconf 95' lang='lat' dir='ltr'>oleo</span> <span class='ocrx_word' id='word_1_119' title='bbox 629 1558 659 1612; x_wconf 87' lang='lat' dir='ltr'>et</span> <span class='ocrx_word' id='word_1_120' title='bbox 682 1551 843 1632; x_wconf 86' lang='lat' dir='ltr'>liquamine</span> <span class='ocrx_word' id='word_1_121' title='bbox 866 1550 1109 1631; x_wconf 84' lang='lat' dir='ltr'>manducandam,</span> 
     </span>
     <span class='ocr_line' id='line_1_17' title="bbox 93 1640 669 1714; baseline -0.003 -13"><span class='ocrx_word' id='word_1_122' title='bbox 93 1644 169 1702; x_wconf 89' lang='lat' dir='ltr'>mire</span> <span class='ocrx_word' id='word_1_123' title='bbox 192 1640 360 1702; x_wconf 86' lang='lat' dir='ltr'>subvenies.</span> <span class='ocrx_word' id='word_1_124' title='bbox 666 1710 669 1714; x_wconf 15' lang='grc' dir='ltr'><em>Α</em></span> 
     </span>
    </p>

    <p class='ocr_par' dir='ltr' id='par_1_8' title="bbox 95 1727 1159 1985">
     <span class='ocr_line' id='line_1_18' title="bbox 184 1727 1159 1809; baseline -0.002 -21"><span class='ocrx_word' id='word_1_125' title='bbox 184 1728 389 1809; x_wconf 76' lang='lat' dir='ltr'>sisymbrium,</span> <span class='ocrx_word' id='word_1_126' title='bbox 408 1728 598 1808; x_wconf 88' lang='lat' dir='ltr'>absinthium,</span> <span class='ocrx_word' id='word_1_127' title='bbox 622 1736 769 1808; x_wconf 90' lang='lat' dir='ltr'>nepetam,</span> <span class='ocrx_word' id='word_1_128' title='bbox 787 1727 973 1789; x_wconf 89' lang='lat' dir='ltr'>marrubium</span> <span class='ocrx_word' id='word_1_129' title='bbox 992 1727 1109 1806; x_wconf 95' lang='lat' dir='ltr'>aequali</span> <span class='ocrx_word' id='word_1_130' title='bbox 1127 1736 1159 1786; x_wconf 74' lang='lat' dir='ltr'>aa</span> 
     </span>
     <span class='ocr_line' id='line_1_19' title="bbox 95 1817 1109 1897; baseline -0.001 -20"><span class='ocrx_word' id='word_1_131' title='bbox 95 1835 235 1878; x_wconf 90' lang='lat' dir='ltr'>mensura</span> <span class='ocrx_word' id='word_1_132' title='bbox 262 1828 345 1879; x_wconf 88' lang='lat' dir='ltr'>aceto</span> <span class='ocrx_word' id='word_1_133' title='bbox 372 1824 520 1878; x_wconf 88' lang='lat' dir='ltr'>macerata</span> <span class='ocrx_word' id='word_1_134' title='bbox 548 1819 637 1878; x_wconf 89' lang='lat' dir='ltr'>terito</span> <span class='ocrx_word' id='word_1_135' title='bbox 666 1824 696 1877; x_wconf 91' lang='lat' dir='ltr'>et</span> <span class='ocrx_word' id='word_1_136' title='bbox 718 1817 805 1878; x_wconf 91' lang='lat' dir='ltr'>melle</span> <span class='ocrx_word' id='word_1_137' title='bbox 828 1819 932 1897; x_wconf 82' lang='lat' dir='ltr'>mixta,</span> <span class='ocrx_word' id='word_1_138' title='bbox 963 1817 1015 1876; x_wconf 91' lang='lat' dir='ltr'>sed</span> <span class='ocrx_word' id='word_1_139' title='bbox 1039 1835 1109 1876; x_wconf 92' lang='lat' dir='ltr'>cum</span> 
     </span>
     <span class='ocr_line' id='line_1_20' title="bbox 96 1905 1108 1985; baseline -0.002 -19"><span class='ocrx_word' id='word_1_140' title='bbox 96 1906 215 1984; x_wconf 91' lang='lat' dir='ltr'>polenta</span> <span class='ocrx_word' id='word_1_141' title='bbox 242 1906 347 1967; x_wconf 92' lang='lat' dir='ltr'>hordei</span> <span class='ocrx_word' id='word_1_142' title='bbox 373 1906 490 1966; x_wconf 89' lang='lat' dir='ltr'>modica</span> <span class='ocrx_word' id='word_1_143' title='bbox 517 1907 627 1985; x_wconf 88' lang='lat' dir='ltr'>inpone</span> <span class='ocrx_word' id='word_1_144' title='bbox 654 1905 726 1966; x_wconf 89' lang='lat' dir='ltr'>lieni</span> <span class='ocrx_word' id='word_1_145' title='bbox 752 1905 905 1984; x_wconf 88' lang='lat' dir='ltr'>emplastri</span> <span class='ocrx_word' id='word_1_146' title='bbox 926 1905 1029 1984; x_wconf 92' lang='lat' dir='ltr'>modo,</span> <span class='ocrx_word' id='word_1_147' title='bbox 1057 1923 1108 1984; x_wconf 92' lang='lat' dir='ltr'>po·</span> 
     </span>
    </p>

    <p class='ocr_par' dir='ltr' id='par_1_9' title="bbox 55 1993 1163 2430">
     <span class='ocr_line' id='line_1_21' title="bbox 55 1993 1161 2073; baseline -0.002 -18"><span class='ocrx_word' id='word_1_148' title='bbox 55 2008 82 2048; x_wconf 76' lang='lat'>20</span> <span class='ocrx_word' id='word_1_149' title='bbox 97 2003 195 2057; x_wconf 85' lang='lat' dir='ltr'>tenter</span> <span class='ocrx_word' id='word_1_150' title='bbox 217 1995 384 2056; x_wconf 87' lang='lat' dir='ltr'>medebere.</span> <span class='ocrx_word' id='word_1_151' title='bbox 426 1994 560 2054; x_wconf 87' lang='lat' dir='ltr'>Hederae</span> <span class='ocrx_word' id='word_1_152' title='bbox 587 1994 656 2055; x_wconf 85' lang='lat' dir='ltr'>lolia</span> <span class='ocrx_word' id='word_1_153' title='bbox 683 2002 786 2055; x_wconf 92' lang='lat' dir='ltr'>tenera</span> <span class='ocrx_word' id='word_1_154' title='bbox 810 1993 920 2055; x_wconf 90' lang='lat' dir='ltr'>tundes</span> <span class='ocrx_word' id='word_1_155' title='bbox 943 2012 1108 2073; x_wconf 91' lang='lat' dir='ltr'>sucumque</span> <span class='ocrx_word' id='word_1_156' title='bbox 1127 2003 1161 2052; x_wconf 83' lang='lat'>53</span> 
     </span>
     <span class='ocr_line' id='line_1_22' title="bbox 96 2081 1109 2162; baseline -0.001 -19"><span class='ocrx_word' id='word_1_157' title='bbox 96 2085 161 2145; x_wconf 89' lang='lat' dir='ltr'>eius</span> <span class='ocrx_word' id='word_1_158' title='bbox 190 2103 258 2145; x_wconf 92' lang='lat' dir='ltr'>cum</span> <span class='ocrx_word' id='word_1_159' title='bbox 286 2086 355 2144; x_wconf 85' lang='lat' dir='ltr'>vino</span> <span class='ocrx_word' id='word_1_160' title='bbox 384 2092 503 2144; x_wconf 89' lang='lat' dir='ltr'>austero</span> <span class='ocrx_word' id='word_1_161' title='bbox 532 2082 645 2143; x_wconf 88' lang='lat' dir='ltr'>lienoso</span> <span class='ocrx_word' id='word_1_162' title='bbox 669 2085 768 2143; x_wconf 92' lang='lat' dir='ltr'>ieiuno</span> <span class='ocrx_word' id='word_1_163' title='bbox 791 2081 1001 2162; x_wconf 90' lang='lat' dir='ltr'>pertriduum</span> <span class='ocrx_word' id='word_1_164' title='bbox 1024 2084 1109 2162; x_wconf 89' lang='lat' dir='ltr'>potui</span> 
     </span>
     <span class='ocr_line' id='line_1_23' title="bbox 96 2171 1163 2250; baseline -0.003 -17"><span class='ocrx_word' id='word_1_165' title='bbox 96 2171 188 2234; x_wconf 91' lang='lat' dir='ltr'>dabis.</span> <span class='ocrx_word' id='word_1_166' title='bbox 228 2172 329 2233; x_wconf 85' lang='lat' dir='ltr'>Filicis</span> <span class='ocrx_word' id='word_1_167' title='bbox 352 2173 483 2233; x_wconf 89' lang='lat' dir='ltr'>radicem</span> <span class='ocrx_word' id='word_1_168' title='bbox 506 2179 624 2232; x_wconf 91' lang='lat' dir='ltr'>tunsam</span> <span class='ocrx_word' id='word_1_169' title='bbox 648 2173 774 2250; x_wconf 88' lang='lat' dir='ltr'>inpones</span> <span class='ocrx_word' id='word_1_170' title='bbox 796 2172 868 2232; x_wconf 91' lang='lat' dir='ltr'>lieni</span> <span class='ocrx_word' id='word_1_171' title='bbox 891 2190 959 2231; x_wconf 94' lang='lat' dir='ltr'>cum</span> <span class='ocrx_word' id='word_1_172' title='bbox 983 2173 1163 2250; x_wconf 72' lang='lat' dir='ltr'>axungiam</span> 
     </span>
     <span class='ocr_line' id='line_1_24' title="bbox 95 2260 1109 2341; baseline 0.001 -21"><span class='ocrx_word' id='word_1_173' title='bbox 95 2269 195 2322; x_wconf 88' lang='lat' dir='ltr'>vetere</span> <span class='ocrx_word' id='word_1_174' title='bbox 220 2280 343 2340; x_wconf 90' lang='lat' dir='ltr'>eamque</span> <span class='ocrx_word' id='word_1_175' title='bbox 367 2261 498 2321; x_wconf 91' lang='lat' dir='ltr'>radicem</span> <span class='ocrx_word' id='word_1_176' title='bbox 521 2261 692 2321; x_wconf 91' lang='lat' dir='ltr'>mundatam</span> <span class='ocrx_word' id='word_1_177' title='bbox 715 2280 751 2321; x_wconf 86' lang='lat' dir='ltr'>ex</span> <span class='ocrx_word' id='word_1_178' title='bbox 775 2279 850 2341; x_wconf 91' lang='lat' dir='ltr'>aqua</span> <span class='ocrx_word' id='word_1_179' title='bbox 874 2260 910 2320; x_wconf 91' lang='lat' dir='ltr'>ad</span> <span class='ocrx_word' id='word_1_180' title='bbox 934 2262 1038 2321; x_wconf 88' lang='lat' dir='ltr'>tertias</span> <span class='ocrx_word' id='word_1_181' title='bbox 1059 2260 1109 2321; x_wconf 91' lang='lat' dir='ltr'>de·</span> 
     </span>
     <span class='ocr_line' id='line_1_25' title="bbox 97 2349 1111 2430; baseline 0 -20"><span class='ocrx_word' id='word_1_182' title='bbox 97 2368 209 2428; x_wconf 91' lang='lat' dir='ltr'>coques</span> <span class='ocrx_word' id='word_1_183' title='bbox 242 2352 296 2430; x_wconf 89' lang='lat' dir='ltr'>ita,</span> <span class='ocrx_word' id='word_1_184' title='bbox 329 2358 364 2410; x_wconf 91' lang='lat' dir='ltr'>ut</span> <span class='ocrx_word' id='word_1_185' title='bbox 397 2349 474 2429; x_wconf 90' lang='lat' dir='ltr'>quod</span> <span class='ocrx_word' id='word_1_186' title='bbox 507 2349 542 2410; x_wconf 93' lang='lat' dir='ltr'>de</span> <span class='ocrx_word' id='word_1_187' title='bbox 577 2352 706 2410; x_wconf 83' lang='lat' dir='ltr'>sextario</span> <span class='ocrx_word' id='word_1_188' title='bbox 738 2350 895 2412; x_wconf 88' lang='lat' dir='ltr'>decoctum</span> <span class='ocrx_word' id='word_1_189' title='bbox 928 2349 1111 2428; x_wconf 79' lang='lat' dir='ltr'>superbierit</span> 
     </span>
    </p>

    <p class='ocr_par' dir='ltr' id='par_1_10' title="bbox 56 2437 1109 2608">
     <span class='ocr_line' id='line_1_26' title="bbox 56 2437 1109 2518; baseline 0.003 -23"><span class='ocrx_word' id='word_1_190' title='bbox 56 2451 83 2492; x_wconf 81' lang='lat' dir='ltr'>ao</span> <span class='ocrx_word' id='word_1_191' title='bbox 96 2457 152 2518; x_wconf 88' lang='lat' dir='ltr'>per</span> <span class='ocrx_word' id='word_1_192' title='bbox 174 2438 307 2499; x_wconf 85' lang='lat' dir='ltr'>triduum</span> <span class='ocrx_word' id='word_1_193' title='bbox 331 2457 399 2499; x_wconf 91' lang='lat' dir='ltr'>cum</span> <span class='ocrx_word' id='word_1_194' title='bbox 421 2437 546 2518; x_wconf 82' lang='lat' dir='ltr'>oxymeli</span> <span class='ocrx_word' id='word_1_195' title='bbox 566 2447 617 2500; x_wconf 90' lang='lat' dir='ltr'>aut</span> <span class='ocrx_word' id='word_1_196' title='bbox 635 2457 718 2500; x_wconf 89' lang='lat' dir='ltr'>mero</span> <span class='ocrx_word' id='word_1_197' title='bbox 738 2447 857 2500; x_wconf 92' lang='lat' dir='ltr'>austero</span> <span class='ocrx_word' id='word_1_198' title='bbox 876 2440 977 2500; x_wconf 89' lang='lat' dir='ltr'>ieiuno</span> <span class='ocrx_word' id='word_1_199' title='bbox 996 2439 1109 2500; x_wconf 91' lang='lat' dir='ltr'>lienoso</span> 
     </span>
     <span class='ocr_line' id='line_1_27' title="bbox 94 2527 944 2608; baseline 0.001 -21"><span class='ocrx_word' id='word_1_200' title='bbox 94 2529 180 2606; x_wconf 93' lang='lat' dir='ltr'>potui</span> <span class='ocrx_word' id='word_1_201' title='bbox 204 2527 304 2607; x_wconf 75' lang='lat' dir='ltr'>detur,</span> <span class='ocrx_word' id='word_1_202' title='bbox 328 2546 477 2588; x_wconf 92' lang='lat' dir='ltr'>summum</span> <span class='ocrx_word' id='word_1_203' title='bbox 499 2528 665 2589; x_wconf 93' lang='lat' dir='ltr'>remedium</span> <span class='ocrx_word' id='word_1_204' title='bbox 689 2530 747 2589; x_wconf 87' lang='lat' dir='ltr'>cito</span> <span class='ocrx_word' id='word_1_205' title='bbox 771 2530 944 2608; x_wconf 83' lang='lat' dir='ltr'>experieris,</span> 
     </span>
    </p>

    <p class='ocr_par' dir='ltr' id='par_1_11' title="bbox 95 2615 1161 2873">
     <span class='ocr_line' id='line_1_28' title="bbox 185 2615 1161 2696; baseline 0.002 -20"><span class='ocrx_word' id='word_1_206' title='bbox 185 2616 228 2676; x_wconf 78' lang='lat' dir='ltr'>Ad</span> <span class='ocrx_word' id='word_1_207' title='bbox 257 2616 368 2695; x_wconf 89' lang='lat' dir='ltr'>splenis</span> <span class='ocrx_word' id='word_1_208' title='bbox 396 2617 528 2677; x_wconf 93' lang='lat' dir='ltr'>dolorem</span> <span class='ocrx_word' id='word_1_209' title='bbox 557 2618 722 2678; x_wconf 85' lang='lat' dir='ltr'>remedium</span> <span class='ocrx_word' id='word_1_210' title='bbox 750 2620 904 2696; x_wconf 89' lang='lat' dir='ltr'>egregium</span> <span class='ocrx_word' id='word_1_211' title='bbox 928 2619 984 2678; x_wconf 91' lang='lat' dir='ltr'>sic:</span> <span class='ocrx_word' id='word_1_212' title='bbox 1018 2615 1108 2687; x_wconf 83' lang='lat' dir='ltr'>Quin·</span> <span class='ocrx_word' id='word_1_213' title='bbox 1128 2628 1161 2678; x_wconf 74' lang='lat'>65</span> 
     </span>
     <span class='ocr_line' id='line_1_29' title="bbox 96 2704 1108 2785; baseline 0.001 -21"><span class='ocrx_word' id='word_1_214' title='bbox 96 2722 154 2782; x_wconf 91' lang='lat' dir='ltr'>que</span> <span class='ocrx_word' id='word_1_215' title='bbox 173 2707 269 2784; x_wconf 92' lang='lat' dir='ltr'>capita</span> <span class='ocrx_word' id='word_1_216' title='bbox 289 2704 345 2765; x_wconf 90' lang='lat' dir='ltr'>alei</span> <span class='ocrx_word' id='word_1_217' title='bbox 364 2705 522 2784; x_wconf 85' lang='lat' dir='ltr'>diligenter</span> <span class='ocrx_word' id='word_1_218' title='bbox 540 2707 571 2765; x_wconf 88' lang='lat' dir='ltr'>in</span> <span class='ocrx_word' id='word_1_219' title='bbox 592 2723 683 2784; x_wconf 84' lang='lat' dir='ltr'>grana</span> <span class='ocrx_word' id='word_1_220' title='bbox 702 2709 821 2785; x_wconf 90' lang='lat' dir='ltr'>purgati</span> <span class='ocrx_word' id='word_1_221' title='bbox 838 2725 893 2785; x_wconf 92' lang='lat' dir='ltr'>per</span> <span class='ocrx_word' id='word_1_222' title='bbox 911 2705 975 2765; x_wconf 92' lang='lat' dir='ltr'>dies</span> <span class='ocrx_word' id='word_1_223' title='bbox 994 2713 1108 2783; x_wconf 90' lang='lat' dir='ltr'>septem</span> 
     </span>
     <span class='ocr_line' id='line_1_30' title="bbox 95 2791 1109 2873; baseline 0.001 -22"><span class='ocrx_word' id='word_1_224' title='bbox 95 2791 209 2854; x_wconf 90' lang='lat' dir='ltr'>lienoso</span> <span class='ocrx_word' id='word_1_225' title='bbox 232 2793 436 2854; x_wconf 87' lang='lat' dir='ltr'>manducanda</span> <span class='ocrx_word' id='word_1_226' title='bbox 460 2793 557 2873; x_wconf 89' lang='lat' dir='ltr'>dabis,</span> <span class='ocrx_word' id='word_1_227' title='bbox 583 2795 625 2854; x_wconf 91' lang='lat' dir='ltr'>ita</span> <span class='ocrx_word' id='word_1_228' title='bbox 652 2801 686 2853; x_wconf 93' lang='lat' dir='ltr'>ut</span> <span class='ocrx_word' id='word_1_229' title='bbox 709 2797 805 2873; x_wconf 93' lang='lat' dir='ltr'>primo</span> <span class='ocrx_word' id='word_1_230' title='bbox 829 2794 876 2853; x_wconf 90' lang='lat' dir='ltr'>dic</span> <span class='ocrx_word' id='word_1_231' title='bbox 900 2811 991 2872; x_wconf 87' lang='lat' dir='ltr'>grana</span> <span class='ocrx_word' id='word_1_232' title='bbox 1013 2792 1109 2852; x_wconf 90' lang='lat' dir='ltr'>XXXl</span> 
     </span>
    </p>

    <p class='ocr_par' dir='ltr' id='par_1_12' title="bbox 55 2879 1110 3228">
     <span class='ocr_line' id='line_1_31' title="bbox 55 2879 1109 2962; baseline -0.006 -19"><span class='ocrx_word' id='word_1_233' title='bbox 55 2893 83 2934; x_wconf 78' lang='lat'>8⁰</span> <span class='ocrx_word' id='word_1_234' title='bbox 97 2882 232 2943; x_wconf 91' lang='lat' dir='ltr'>comedat</span> <span class='ocrx_word' id='word_1_235' title='bbox 259 2885 391 2962; x_wconf 89' lang='lat' dir='ltr'>ieiunus,</span> <span class='ocrx_word' id='word_1_236' title='bbox 419 2880 550 2941; x_wconf 91' lang='lat' dir='ltr'>secundo</span> <span class='ocrx_word' id='word_1_237' title='bbox 578 2881 626 2940; x_wconf 90' lang='lat' dir='ltr'>die</span> <span class='ocrx_word' id='word_1_238' title='bbox 653 2899 744 2958; x_wconf 90' lang='lat' dir='ltr'>grana</span> <span class='ocrx_word' id='word_1_239' title='bbox 767 2880 854 2960; x_wconf 91' lang='lat' dir='ltr'>XXV,</span> <span class='ocrx_word' id='word_1_240' title='bbox 882 2883 972 2940; x_wconf 91' lang='lat' dir='ltr'>tertio</span> <span class='ocrx_word' id='word_1_241' title='bbox 994 2879 1109 2960; x_wconf 93' lang='lat' dir='ltr'>XVlIll,</span> 
     </span>
     <span class='ocr_line' id='line_1_32' title="bbox 96 2966 1110 3051; baseline -0.006 -19"><span class='ocrx_word' id='word_1_242' title='bbox 96 2979 202 3050; x_wconf 88' lang='lat' dir='ltr'>quarto</span> <span class='ocrx_word' id='word_1_243' title='bbox 230 2969 290 3051; x_wconf 94' lang='lat' dir='ltr'>XV,</span> <span class='ocrx_word' id='word_1_244' title='bbox 321 2971 425 3049; x_wconf 91' lang='lat' dir='ltr'>quinto</span> <span class='ocrx_word' id='word_1_245' title='bbox 458 2967 512 3048; x_wconf 92' lang='lat' dir='ltr'>Xl,</span> <span class='ocrx_word' id='word_1_246' title='bbox 543 2976 626 3029; x_wconf 84' lang='lat' dir='ltr'>sexto</span> <span class='ocrx_word' id='word_1_247' title='bbox 654 2967 744 3049; x_wconf 90' lang='lat' dir='ltr'>Vllll,</span> <span class='ocrx_word' id='word_1_248' title='bbox 777 2970 902 3047; x_wconf 93' lang='lat' dir='ltr'>septimo</span> <span class='ocrx_word' id='word_1_249' title='bbox 932 2967 993 3048; x_wconf 86' lang='lat' dir='ltr'>Vll;</span> <span class='ocrx_word' id='word_1_250' title='bbox 1027 2966 1110 3027; x_wconf 91' lang='lat' dir='ltr'>bibat</span> 
     </span>
     <span class='ocr_line' id='line_1_33' title="bbox 93 3055 1109 3137; baseline -0.006 -17"><span class='ocrx_word' id='word_1_251' title='bbox 93 3068 195 3120; x_wconf 89' lang='lat' dir='ltr'>autem</span> <span class='ocrx_word' id='word_1_252' title='bbox 218 3060 372 3120; x_wconf 91' lang='lat' dir='ltr'>conditum</span> <span class='ocrx_word' id='word_1_253' title='bbox 396 3059 467 3119; x_wconf 91' lang='lat' dir='ltr'>satis</span> <span class='ocrx_word' id='word_1_254' title='bbox 490 3058 672 3137; x_wconf 81' lang='lat' dir='ltr'>piperatum3</span> <span class='ocrx_word' id='word_1_255' title='bbox 700 3076 758 3136; x_wconf 91' lang='lat' dir='ltr'>quo</span> <span class='ocrx_word' id='word_1_256' title='bbox 787 3056 865 3117; x_wconf 88' lang='lat' dir='ltr'>facto</span> <span class='ocrx_word' id='word_1_257' title='bbox 889 3073 975 3116; x_wconf 90' lang='lat' dir='ltr'>omne</span> <span class='ocrx_word' id='word_1_258' title='bbox 999 3055 1109 3115; x_wconf 88' lang='lat' dir='ltr'>malum</span> 
     </span>
     <span class='ocr_line' id='line_1_34' title="bbox 93 3143 1109 3228; baseline -0.006 -19"><span class='ocrx_word' id='word_1_259' title='bbox 93 3166 149 3227; x_wconf 90' lang='lat' dir='ltr'>per</span> <span class='ocrx_word' id='word_1_260' title='bbox 177 3156 313 3209; x_wconf 84' lang='lat' dir='ltr'>ventrem</span> <span class='ocrx_word' id='word_1_261' title='bbox 341 3148 470 3228; x_wconf 72' lang='lat' dir='ltr'>digeret,</span> <span class='ocrx_word' id='word_1_262' title='bbox 498 3147 550 3208; x_wconf 91' lang='lat' dir='ltr'>scd</span> <span class='ocrx_word' id='word_1_263' title='bbox 578 3154 609 3206; x_wconf 87' lang='lat' dir='ltr'>et</span> <span class='ocrx_word' id='word_1_264' title='bbox 635 3163 742 3226; x_wconf 88' lang='lat' dir='ltr'>porros</span> <span class='ocrx_word' id='word_1_265' title='bbox 770 3145 905 3206; x_wconf 89' lang='lat' dir='ltr'>comedat</span> <span class='ocrx_word' id='word_1_266' title='bbox 933 3151 1000 3204; x_wconf 91' lang='lat' dir='ltr'>ante</span> <span class='ocrx_word' id='word_1_267' title='bbox 1031 3143 1109 3203; x_wconf 92' lang='lat' dir='ltr'>diem</span> 
     </span>
    </p>
   </div>
   <div class='ocr_carea' id='block_1_3' title="bbox 93 3299 1109 3583">
    <p class='ocr_par' dir='ltr' id='par_1_13' title="bbox 93 3299 1109 3583">
     <span class='ocr_line' id='line_1_35' title="bbox 186 3299 1109 3372; baseline -0.002 -18"><span class='ocrx_word' id='word_1_268' title='bbox 186 3307 200 3354; x_wconf 94' lang='lat'>1</span> <span class='ocrx_word' id='word_1_269' title='bbox 220 3302 249 3355; x_wconf 88' lang='lat' dir='ltr'>id</span> <span class='ocrx_word' id='word_1_270' title='bbox 270 3303 314 3356; x_wconf 87' lang='lat' dir='ltr'>est</span> <span class='ocrx_word' id='word_1_271' title='bbox 332 3301 456 3372; x_wconf 81' lang='lat' dir='ltr'>capsella</span> <span class='ocrx_word' id='word_1_272' title='bbox 474 3317 524 3357; x_wconf 85' lang='lat' dir='ltr'>om.</span> <span class='ocrx_word' id='word_1_273' title='bbox 544 3301 635 3368; x_wconf 76' lang='lat' dir='ltr'>Pztn.‚·</span> <span class='ocrx_word' id='word_1_274' title='bbox 658 3300 771 3354; x_wconf 77' lang='lat' dir='ltr'>delendo</span> <span class='ocrx_word' id='word_1_275' title='bbox 791 3299 857 3354; x_wconf 83' lang='lat' dir='ltr'>baec</span> <span class='ocrx_word' id='word_1_276' title='bbox 873 3299 956 3354; x_wconf 81' lang='lat' dir='ltr'>verba</span> <span class='ocrx_word' id='word_1_277' title='bbox 973 3299 1109 3353; x_wconf 79' lang='lat' dir='ltr'>videntur.</span> 
     </span>
     <span class='ocr_line' id='line_1_36' title="bbox 96 3368 1109 3443; baseline -0.004 -17"><span class='ocrx_word' id='word_1_278' title='bbox 96 3375 112 3426; x_wconf 82' lang='lat' dir='ltr'>b</span> <span class='ocrx_word' id='word_1_279' title='bbox 132 3372 297 3429; x_wconf 71' lang='lat' dir='ltr'>catallonis</span> <span class='ocrx_word' id='word_1_280' title='bbox 316 3374 380 3428; x_wconf 87' lang='lat' dir='ltr'>add.</span> <span class='ocrx_word' id='word_1_281' title='bbox 399 3390 424 3428; x_wconf 86' lang='lat' dir='ltr'>a.</span> <span class='ocrx_word' id='word_1_282' title='bbox 498 3378 529 3426; x_wconf 92' lang='lat'>11</span> <span class='ocrx_word' id='word_1_283' title='bbox 549 3372 578 3425; x_wconf 89' lang='lat' dir='ltr'>in</span> <span class='ocrx_word' id='word_1_284' title='bbox 598 3371 684 3443; x_wconf 83' lang='lat' dir='ltr'>osbio]</span> <span class='ocrx_word' id='word_1_285' title='bbox 703 3369 733 3424; x_wconf 93' lang='lat' dir='ltr'>in</span> <span class='ocrx_word' id='word_1_286' title='bbox 752 3370 810 3424; x_wconf 84' lang='lat' dir='ltr'>olla</span> <span class='ocrx_word' id='word_1_287' title='bbox 827 3369 905 3426; x_wconf 78' lang='lat' dir='ltr'>Ptin.</span> <span class='ocrx_word' id='word_1_288' title='bbox 977 3368 1109 3424; x_wconf 88' lang='lat' dir='ltr'>cubilum.</span> 
     </span>
     <span class='ocr_line' id='line_1_37' title="bbox 97 3440 1109 3513; baseline -0.005 -16"><span class='ocrx_word' id='word_1_289' title='bbox 97 3449 131 3497; x_wconf 87' lang='lat'>14</span> <span class='ocrx_word' id='word_1_290' title='bbox 151 3459 261 3513; x_wconf 84' lang='lat' dir='ltr'>aquam.</span> <span class='ocrx_word' id='word_1_291' title='bbox 367 3449 399 3498; x_wconf 81' lang='grc'>17</span> <span class='ocrx_word' id='word_1_292' title='bbox 420 3441 600 3499; x_wconf 84' lang='lat' dir='ltr'>sisimbrium.</span> <span class='ocrx_word' id='word_1_293' title='bbox 705 3449 739 3497; x_wconf 80' lang='lat'>26</span> <span class='ocrx_word' id='word_1_294' title='bbox 759 3440 909 3512; x_wconf 85' lang='lat' dir='ltr'>experieris</span> <span class='ocrx_word' id='word_1_295' title='bbox 927 3442 1039 3511; x_wconf 79' lang='lat' dir='ltr'>scripsi:</span> <span class='ocrx_word' id='word_1_296' title='bbox 1063 3455 1109 3494; x_wconf 85' lang='lat' dir='ltr'>ox-</span> 
     </span>
     <span class='ocr_line' id='line_1_38' title="bbox 93 3514 456 3583; baseline -0.003 -14"><span class='ocrx_word' id='word_1_297' title='bbox 93 3515 220 3583; x_wconf 85' lang='lat' dir='ltr'>porierit.</span> <span class='ocrx_word' id='word_1_298' title='bbox 292 3520 327 3569; x_wconf 88' lang='grc'>33</span> <span class='ocrx_word' id='word_1_299' title='bbox 345 3514 456 3583; x_wconf 86' lang='lat' dir='ltr'>digerit.</span> 
     </span>
    </p>
   </div>
   <div class='ocr_carea' id='block_1_4' title="bbox 0 0 1227 3802">
    <p class='ocr_par' dir='ltr' id='par_1_14' title="bbox 0 0 1227 3802">
     <span class='ocr_line' id='line_1_39' title="bbox 0 0 1227 3802; baseline 0 0"><span class='ocrx_word' id='word_1_300' title='bbox 0 0 1227 3802; x_wconf 95' lang='lat' dir='ltr'> </span> 
     </span>
    </p>
   </div>
  </div>
 </body>
</html>
