2438 3802
488 165 728 231 -315-

188 329 341 390 Confectio
363 331 532 391 iniectionis
555 329 593 390 ad
612 329 710 391 colum
730 331 786 390 sic:
810 327 879 408 (lpii
898 326 977 408 drag.
996 330 1042 412 Vl,
1066 349 1112 392 ca·
1129 322 1166 395 'ot

98 421 192 480 storei
211 419 290 499 drag.
308 416 373 499 llll,
395 437 511 498 myrrae
530 418 737 498 troglodytidis
757 414 837 494 drab.
856 417 878 498 Ι,
898 421 979 480 croci
998 417 1076 499 drag.
1090 421 1113 499 1,

98 509 171 568 nitri
193 505 272 586 drag.
298 506 338 588 ll,
367 507 484 569 euforbi
511 507 591 587 drag.
617 505 656 588 ll,
684 514 770 568 rutae
798 505 944 569 silvestris
973 505 1052 586 drag.
1078 508 1113 589 ll,

98 596 195 657 mellis
218 603 363 676 quantum
386 597 506 658 denseri
529 599 627 656 omnia
649 598 774 676 possint.
817 594 933 665 Quibus
958 599 1114 677 permixtis

70 684 264 747 strocbiscos
288 685 514 764 diligentissime
538 685 632 746 iactos
656 685 787 746 servabis
812 691 931 746 etcum
949 687 1114 748 necessitas

98 775 189 835 luerit
216 774 371 856 iniciendi,
404 775 515 836 adicies
543 774 601 834 olei
627 774 762 835 anethini
791 805 831 816 —
858 773 909 856 Vl,
936 773 1037 855 butyri
1065 793 1113 836 ex·

97 862 183 924 solati
213 895 250 906 —
281 861 334 944 lll,
365 864 451 925 nardi
481 895 518 906 -
548 863 584 924 ll.
630 862 683 923 His
712 863 850 924 omnibus
878 863 915 924 de
945 863 1114 945 trochiscis,

98 970 227 1031 quorum
254 951 415 1032 descriptio
444 953 584 1032 superius
612 954 797 1032 continetur,
831 952 940 1013 adicies
969 961 1114 1032 quantum

97 1040 180 1101 labae
204 1059 329 1119 granum
353 1048 399 1102 est
430 1043 462 1102 in
485 1059 561 1121 aqua
585 1040 699 1102 modica
723 1040 853 1102 solutum
876 1048 907 1102 et
929 1043 970 1102 ita
993 1041 1048 1102 hac
1069 1043 1114 1102 in·

56 1131 224 1190 reiectione
248 1129 406 1208 diligenter
429 1133 533 1192 uteris.

509 1377 589 1441 (ΙΑΡ.
612 1376 703 1438 XXX.

96 1508 151 1563 Ad
173 1509 327 1564 ventrem
347 1506 590 1562 resolvendum
609 1509 644 1563 et
662 1519 780 1562 omnes
799 1505 873 1562 eius
891 1504 1113 1563 difflomtates

96 1609 231 1653 necnon
253 1598 288 1651 et
311 1595 355 1651 ed
377 1595 514 1652 cholera
531 1595 727 1666 proiciendo
744 1595 802 1651 vel
819 1594 1005 1650 inhibenda
1023 1595 1112 1652 seles

191 1687 226 1741 et
247 1683 404 1754 potiones
427 1687 463 1740 et
486 1684 654 1754 catapotia
676 1684 861 1741 cethei-tice
884 1683 1019 1741 diverse

446 1774 489 1830 de
513 1772 764 1844 experimentis.

187 1926 333 1996 Quoniam
351 1927 503 1988 interdum
522 1946 571 1988 res
585 1927 716 2008 postulat
730 1935 760 1988 et
774 1945 828 2006 per
842 1926 939 1986 alvum
955 1925 1112 1987 detrahere
1132 1941 1147 1988 1

96 2017 250 2077 materiam
274 2017 371 2075 omnis
395 2017 510 2077 umoris
532 2018 593 2077 sive
617 2016 760 2096 hydropis
784 2017 845 2076 sive
870 2015 1002 2075 diutinae
1026 2014 1112 2095 lippi-

97 2105 211 2166 tudinis
235 2104 400 2164 secundum
424 2106 576 2182 sanguinis
600 2105 720 2184 quidem
744 2105 972 2184 detractionem,
1000 2122 1058 2183 qua
1082 2113 1113 2165 et

98 2193 228 2255 scabiem
256 2202 286 2253 et
311 2194 410 2272 ignem
433 2210 551 2253 sacrum
574 2201 605 2254 et
626 2193 749 2273 papulas
772 2191 951 2253 habentibus
974 2191 1112 2253 subveni·

58 2303 84 2344 1⁵
99 2292 148 2344 tur
174 2315 213 2327 —
238 2300 306 2342 nam
334 2283 460 2343 maxime
487 2280 677 2360 phlebotomo
705 2281 878 2342 huiusmodi
905 2283 984 2342 circa
1012 2289 1113 2343 cutem

98 2390 244 2432 summam
267 2372 337 2432 vitia
360 2372 461 2431 innata
485 2371 627 2432 sedantur
648 2405 686 2414 —
706 2373 806 2451 itaque
825 2389 885 2431 non
904 2377 964 2431 tam
983 2370 1113 2432 alienum

97 2460 292 2522 iudicavimus
320 2460 429 2520 horum
458 2476 576 2539 quoque
609 2478 719 2538 genera
752 2477 915 2542 exponere,
948 2459 1001 2520 sed
1028 2462 1113 2540 prius

98 2550 240 2630 dicemus,
263 2567 339 2628 quae
363 2547 460 2609 alvum
483 2549 675 2610 mediocriter
699 2548 832 2610 molliant
853 2556 883 2609 et
902 2566 978 2628 quae
997 2550 1058 2610 sint
1077 2549 1113 2610 ad

97 2638 154 2699 boc
178 2637 322 2716 simplicia
346 2637 485 2698 remedia.

56 2746 84 2786 20
186 2726 281 2786 Mollit
303 2744 374 2805 ergo
395 2725 492 2787 alvum
511 2725 604 2787 herba
622 2725 807 2787 Mercurialis
826 2725 940 2786 levibus
959 2725 1112 2787 holeribus
1131 2740 1147 2788 2

99 2813 336 2893 quamplurima
360 2816 459 2876 mixta.
498 2814 573 2875 Item
596 2814 691 2875 mollit
713 2813 811 2874 alvum
835 2816 907 2874 nitri
930 2813 955 2872 li
979 2817 1112 2874 semissis

97 2903 209 2962 mixtus
232 2919 301 2961 cum
324 2903 422 2962 resina
445 2902 646 2964 terebinthina
670 2911 700 2963 et
722 2901 869 2963 avellanae
894 2903 980 2961 nucis
1001 2903 1112 2979 magni·

98 2990 202 3051 tudine
222 2989 387 3050 devoratus.
418 2990 523 3052 Caules
543 3010 662 3070 quoque
681 2990 705 3049 V
723 2990 770 3050 vel
788 2989 825 3050 Vl
844 3008 912 3050 curn
928 2988 997 3050 salis
1011 2990 1112 3068 granis

97 3078 222 3141 totidem
250 3087 280 3140 et
308 3080 368 3158 apii
395 3081 508 3141 semine
530 3079 654 3159 paribus
677 3081 827 3140 mensuris
850 3079 967 3139 decocti
989 3080 1020 3139 in
1043 3079 1112 3138 vino

188 3249 388 3333 ttroclodidis
459 3248 713 3320 odiligentissime
735 3251 848 3320 accepti:
871 3247 1111 3320 diligentissimos.

97 3329 114 3377 6
136 3320 274 3448 suippe,
286 3391 324 3447 ad
338 3392 410 3448 sales
424 3390 598 3448 conficienda
612 3393 641 3446 et
655 3392 783 3461 potiones
800 3395 829 3447 et
843 3391 988 3462 catapotia
1002 3391 1111 3445 cathar-

95 3463 156 3519 tica
174 3463 299 3518 remedia
317 3463 451 3532 phoenica
470 3467 500 3518 et
517 3462 699 3519 rationabilia
717 3462 828 3518 diversa
846 3463 882 3519 de
901 3480 965 3530 exp.

188 3540 222 3589 15
239 3533 412 3605 phlentomo.
469 3539 503 3590 18
522 3550 595 3606 qnae
614 3539 679 3592 cute
697 3535 800 3592 aluum
816 3551 872 3594 on.
918 3540 962 3588 1-1
972 3527 1146 3596 'stemiha-
