2438 3802
105 137 195 198 della:
219 135 354 197 Feniculi
377 143 407 195 et
430 137 489 215 apii
511 134 626 197 radices
649 138 717 204 vino
742 135 861 196 condito
883 139 979 197 reteri
999 145 1030 198 et
1048 137 1120 200 odo·

105 233 169 286 rato
198 227 317 307 inicies,
346 232 375 285 et
403 243 472 284 cum
496 242 528 284 se
551 224 624 285 haec
648 225 770 285 confusa
793 227 1022 306 maceraverint,
1050 245 1121 289 eum

106 316 168 374 vini
196 313 309 394 cyathis
334 313 450 374 duobus
474 313 648 374 tantundem
671 312 811 374 miscebis
835 332 928 392 aquae
952 314 1064 376 calidae
1089 325 1121 378 ct

105 405 205 464 ieiuno
229 405 315 482 potui
338 401 429 462 dabis.
467 401 625 463 Praeterea
648 403 756 463 radicis
780 405 915 481 asparagi
939 422 1029 464 sucus
1050 423 1121 466 cum

104 494 172 553 vino
191 494 302 553 mixtus
322 493 432 568 optime
452 493 588 571 sumitur,
608 490 660 552 sed
676 499 705 551 et
720 493 826 552 ciceris
843 490 910 572 albi,
925 510 985 552 non
999 494 1121 554 arietini
1148 507 1160 550 o

71 589 86 637 7
106 580 222 641 decocti
241 597 331 640 sucus
351 581 504 656 accipitur.
541 579 586 639 Ex
605 579 659 640 hac
678 579 854 660 valetudine,
873 583 932 641 nisi
945 583 975 641 in
995 581 1121 643 exordio

105 671 220 729 curatio
243 667 374 729 adhibita
396 668 495 748 luerit,
519 686 573 747 per
592 670 695 729 urinae
716 668 919 730 difficultatem
938 677 968 730 et
986 669 1120 751 hydrops

105 759 240 817 nascitur
264 763 293 815 et
317 755 401 816 dolor
424 758 532 817 iecoris
556 764 586 817 et
610 759 680 817 vitia
702 775 808 818 renum
832 765 863 818 et
881 761 1050 835 stranguria
1071 777 1120 820 ve·

105 847 192 926 sicae,
211 851 346 904 ventrem
365 845 568 906 molestissimi
583 844 700 906 dolores
714 845 871 906 vexabunt.
901 846 981 907 Haec
996 855 1068 908 suut
1082 847 1119 909 de

68 950 84 999 8
103 932 335 1012 praenoscendis
359 935 643 1014 praeveniendisque
667 934 839 995 morborum
863 938 969 996 causis.
1010 935 1120 998 Addidi
1134 951 1160 990 ιο

105 1024 207 1103 etiam,
236 1021 345 1101 quibus
374 1029 404 1082 et
431 1031 577 1101 quatenus
605 1042 660 1102 per
687 1025 757 1083 anni
785 1024 930 1084 circulum
958 1042 1013 1102 pro
1042 1033 1119 1086 tem-

103 1129 211 1190 porum
230 1111 434 1172 vicissitudine
456 1111 620 1173 observatis
638 1111 827 1173 incolumitas
846 1112 1040 1174 custodiatur.
1074 1113 1120 1175 Ab

104 1199 201 1261 bieme
230 1202 322 1280 igitur
350 1200 499 1262 salubrius
529 1201 580 1262 liet
608 1200 771 1262 exordium.
813 1197 858 1261 Ex
887 1202 934 1261 die
963 1200 1028 1261 Vlll
1055 1201 1120 1264 llal.

103 1287 218 1350 ianuar.
256 1289 431 1369 corporibus
469 1309 556 1351 umor
591 1290 738 1351 adcrescit
774 1308 869 1368 usque
902 1291 980 1350 veris
1018 1293 1119 1369 aequi·

104 1381 251 1460 noctium,
275 1378 354 1457 quod
377 1381 483 1457 incipit
505 1377 569 1438 Vlll
588 1378 650 1439 Kal.
669 1377 761 1458 April.
801 1377 864 1439 Hoc
888 1397 959 1456 ergo
983 1385 1120 1458 tempore
1134 1389 1160 1432 1⁶

104 1466 249 1527 utendum
273 1466 460 1527 calidissimis
484 1465 559 1527 cibis
580 1476 610 1527 et
629 1469 758 1547 optimis,
781 1469 848 1528 vino
868 1467 1055 1545 aliquatenus
1073 1469 1119 1528 in—

105 1554 296 1635 dulgendum,
320 1572 393 1614 usus
417 1555 505 1614 etiam
528 1556 667 1615 venerius
690 1557 811 1616 minime
834 1555 1029 1634 respuendus.
1073 1555 1120 1618 Ex

104 1643 292 1720 acquinoctio
324 1644 429 1722 incipit
461 1641 598 1721 phlegma
626 1661 780 1724 crescere,
812 1644 843 1704 id
876 1652 922 1704 est
959 1652 1120 1707 concretus

105 1748 190 1791 umor
219 1737 249 1790 et
278 1730 418 1812 frigidus,
442 1749 538 1810 usque
566 1734 597 1792 in
625 1740 723 1793 ortum
749 1731 911 1813 pleiadum,
938 1735 990 1812 qui
1012 1734 1121 1812 incipit

103 1818 199 1898 pridie
222 1819 290 1879 idus
313 1819 412 1881 Maias.
449 1819 527 1900 Ergo
551 1828 615 1882 tum
639 1820 774 1883 adhiberi
795 1823 933 1882 convenit
952 1821 1028 1881 bene
1048 1822 1118 1883 odo·
1132 1833 1160 1874 20

103 1917 192 1989 ratos,
208 1908 260 1969 sed
276 1916 305 1970 et
319 1928 404 1970 acres
419 1909 510 1970 cibos.
539 1909 654 1971 Exhinc
674 1912 793 1988 sanguis
812 1910 964 1970 ardentior
983 1909 1119 1973 febribus

103 2007 260 2077 augmenta
283 1999 453 2078 suppeditat
476 2016 532 2058 nec
554 2001 654 2059 minus
686 2017 772 2060 umor
791 1998 942 2058 obbibitur
965 2001 1119 2078 usquead

103 2088 207 2146 aestivi
234 2089 378 2164 temporis
407 2089 683 2167 commutationem,
713 2105 788 2164 quae
817 2087 853 2148 ab
881 2086 945 2147 Vlll
973 2087 1035 2148 Kal.
1063 2087 1117 2150 lul.

104 2173 275 2254 inchoatur,
299 2192 315 2234 a
339 2175 469 2252 quodie
493 2192 601 2234 venere
625 2174 832 2236 abstinendum
856 2177 1118 2256 ieiunandumque.

69 2267 84 2315 9
104 2261 148 2321 Ab
168 2270 270 2322 octavo
290 2264 368 2321 enim
384 2261 445 2322 Kal.
461 2261 513 2323 lul.
529 2265 639 2324 aestiva
653 2267 822 2343 progressio
837 2266 1021 2325 incrementa
1040 2265 1118 2327 iellis
1132 2276 1160 2318 ²⁶

104 2351 267 2410 exsuscitat
285 2368 380 2429 usque
399 2352 431 2410 in
450 2354 585 2412 autumni
599 2354 828 2434 aequinoctium,
848 2353 928 2433 quod
943 2361 989 2414 est
1003 2353 1040 2413 Vl
1054 2353 1118 2416 Kal.

103 2437 250 2499 Octobris.
294 2437 359 2499 Erit
386 2440 478 2518 igitur
504 2440 649 2501 utendum
676 2443 773 2502 acutis
800 2451 831 2503 et
854 2443 964 2521 sapidis
987 2450 1018 2503 et
1040 2442 1117 2504 bene

103 2526 252 2587 olentibus
285 2527 373 2607 cibis,
406 2530 525 2606 parcius
553 2531 745 2591 ieiunandum
774 2538 804 2590 et
835 2533 956 2591 venerio
990 2550 1047 2592 usu
1080 2531 1117 2592 ab

103 2614 167 2674 Vlll
182 2614 244 2677 llal.
258 2615 312 2677 lul.
332 2624 413 2677 certe
432 2635 487 2695 per
506 2617 569 2678 dies
584 2616 638 2678 XII
657 2620 777 2698 penitus
796 2618 1013 2684 abstinendum.
1044 2618 1116 2680 Post

103 2707 238 2765 autumni
261 2707 491 2788 aequinoctium,
514 2706 544 2767 id
569 2714 615 2768 est
637 2715 706 2786 post
727 2707 805 2768 diem
824 2707 861 2767 Vl
879 2707 942 2770 llal.
962 2707 1116 2791 Octobres,
1129 2720 1157 2761 8⁰

103 2811 186 2854 acres
214 2793 290 2854 biles
320 2796 397 2856 vires
428 2803 458 2856 et
491 2807 682 2876 augmentum
715 2799 881 2858 sortiuntur
913 2800 944 2858 in
978 2816 1118 2859 occasum

101 2881 259 2964 pleiadum,
284 2887 335 2963 qui
358 2891 404 2945 est
424 2883 479 2944 llll
498 2884 565 2946 idus
584 2885 773 2967 Novembris,
799 2903 919 2946 umores
943 2888 1032 2946 etiam
1051 2905 1117 2966 gra-

102 2989 153 3031 ves
177 2981 309 3051 serpunt.
346 2972 413 3033 Erit
435 2975 527 3051 igitur
551 2973 696 3034 utendum
719 2973 811 3035 acidis
835 2982 865 3034 et
888 2973 1007 3035 acribus
1031 2975 1116 3056 cibis,

175 3129 188 3177 1
209 3124 330 3178 condito.
401 3130 416 3178 6
436 3123 664 3181 valetudinem
682 3125 838 3181 valitudine
857 3131 919 3183 2m.
983 3132 999 3181 9
1018 3128 1115 3180 ventre

101 3194 309 3262 molestissimo.
349 3201 381 3249 14
396 3196 502 3263 humor,
517 3197 581 3251 item
596 3201 637 3250 19.
691 3202 723 3252 18
733 3197 873 3266 phleuma.
912 3201 946 3253 23
956 3196 991 3250 ab
1000 3196 1114 3263 scripsi:

101 3279 137 3318 aa
158 3263 221 3332 (sio)
244 3266 316 3330 cod,
339 3265 374 3320 ad
398 3265 557 3321 Coruorius.
644 3272 786 3337 utsupra
809 3283 910 3324 venere
935 3267 998 3322 odd.
1017 3268 1069 3320 Μ
1088 3279 1112 3318 a.

102 3337 135 3386 2⁷
155 3335 255 3406 ocutis]
275 3334 387 3403 frigidis
408 3335 565 3393 Ceraunios.
649 3344 683 3392 32
702 3339 832 3395 humores
851 3344 909 3396 Am.
