2438 3802
496 144 737 208 -194-

108 307 220 388 pastilli
243 308 278 368 ad
303 307 417 367 denarii
441 309 609 386 semissem,
638 305 746 365 dantur
774 307 861 366 etiam
886 306 1131 368 febricitantibus

109 407 140 459 et
169 400 232 458 sine
262 396 344 456 febre
373 398 562 475 potissimum
591 393 757 473 pleuriticis
785 402 815 454 et
844 394 1130 473 peripleumoniacis

109 506 145 549 ex
165 505 257 566 aquae
278 485 390 546 mulsae
407 483 518 544 dilutae
533 481 646 562 cyathis
666 482 791 562 duobus,
809 483 947 562 pthisicis
966 502 1002 543 ex
1021 500 1129 565 posca,

110 577 146 637 ad
170 575 311 638 convulsa
334 581 434 634 autem
458 580 489 632 et
511 581 598 651 rupta
622 590 658 631 ex
681 570 767 632 melle
792 578 821 631 et
843 579 935 653 aceto,
959 574 1071 633 ceteris
1092 591 1130 633 ex

109 684 184 743 aqua
212 663 305 724 calida
333 661 380 722 vel
407 660 521 739 frIgida.
567 660 650 720 Facit
677 659 734 720 hoc
763 659 1012 721 medicamentum
1036 663 1156 724 etlamo

110 753 145 812 ad
170 771 230 831 eos,
254 750 362 829 quibus
386 749 557 810 stomachus
580 750 730 809 Inacescit.

58 855 90 904 19
201 838 369 918 AntidotuS,
394 856 451 916 qua
474 839 570 898 utitur
593 837 718 897 Cosmus
737 836 773 897 ad
793 839 890 897 omnia
909 839 1027 898 interna
1046 840 1129 920 vitia,

111 946 187 1007 qrrae
212 945 301 1006 snpra
325 928 436 1005 scripta
459 933 543 1005 sunt,
571 943 687 986 necnon
712 934 741 985 et
765 926 801 986 ad
825 944 927 987 omnes
951 934 1129 1006 serpentum

110 1018 215 1076 noxios
240 1033 373 1095 morsus3
396 1017 503 1094 recipit
525 1014 612 1075 haec:
636 1014 843 1092 Glycyrrhizae
864 1015 1001 1075 denarios
1020 1014 1088 1074 VIII
1108 1015 1129 1075 S

111 1114 142 1166 et
163 1106 268 1165 tertias
292 1105 441 1164 victoriati
464 1103 510 1163 vel
533 1104 607 1164 duas
630 1112 739 1182 partes,
763 1105 823 1183 opii
847 1103 983 1164 denarios
1010 1112 1128 1182 septem
1142 1118 1167 1158 1⁰

111 1204 141 1255 et
164 1195 268 1255 tertias
292 1200 394 1271 partes
417 1194 566 1252 victoriati
589 1191 634 1250 vel
657 1191 745 1271 duas,
773 1195 900 1252 castorei
927 1192 1065 1252 denarios
1091 1191 1129 1251 VI

112 1290 141 1344 et
169 1284 317 1343 victoriati
347 1282 421 1342 duas
448 1283 588 1341 tertiasve
612 1287 725 1360 partes,
748 1283 861 1359 piperis
884 1280 965 1359 longi
987 1280 1129 1342 denarios

112 1374 244 1451 quinque
268 1379 298 1431 et
320 1372 469 1431 victoriati
491 1378 607 1448 partem
628 1370 755 1448 tertiam,
779 1372 891 1447 piperis
911 1369 969 1428 albi
987 1369 1129 1430 denarios

111 1463 243 1540 qulnque
267 1467 297 1519 et
320 1461 468 1519 victoriati
492 1458 566 1518 duas
589 1460 729 1518 tertiasve
750 1466 859 1538 partes,
883 1457 968 1518 nardi
988 1457 1128 1536 Syriacae

111 1549 249 1609 denarios
273 1546 364 1625 VIS,
389 1547 476 1607 dauci
499 1547 621 1606 seminis
645 1547 782 1606 denarios
805 1544 851 1626 Vl,
877 1545 1054 1606 malobathri
1077 1548 1128 1608 de·
1144 1558 1168 1599 1⁵

110 1640 212 1698 narios
234 1635 258 1694 V
279 1635 312 1715 S,
341 1637 437 1695 casiae
466 1636 567 1712 nigrae
597 1634 734 1695 denarios
763 1637 894 1714 quinque
923 1643 953 1695 et
978 1637 1130 1698 victoriati

112 1729 281 1804 semissem,
309 1725 386 1784 turis
416 1723 554 1783 denarios
582 1722 619 1803 V,
647 1723 684 1783 sil
711 1723 848 1784 denarios
872 1722 896 1781 V
924 1732 954 1784 et
978 1726 1129 1786 victoriati

112 1815 185 1875 duas
213 1815 353 1875 tortiasve
381 1820 497 1893 partes,
530 1830 615 1872 rosae
649 1814 786 1876 caninae,
804 1814 869 1873 suci
897 1812 1034 1873 denarios
1066 1832 1129 1894 sex,

112 1905 194 1962 acori
217 1902 356 1963 denarios
380 1901 464 1981 duos,
489 1902 628 1979 sagapeni
651 1899 677 1960 X
696 1899 731 1980 ll,
754 1900 877 1961 balsami
900 1903 1022 1961 seminis
1046 1901 1129 1983 XII,

113 1991 224 2052 scordii
243 1991 268 2050 X
283 1990 306 2049 V
326 1997 356 2050 et
374 1991 522 2051 victoriati
539 1990 612 2050 duas
627 1991 766 2050 tertiasve
781 1999 890 2070 partes,
908 2009 1024 2069 myrrae
1041 1990 1129 2072 XVI,
1143 2003 1170 2042 2⁰

113 2083 193 2141 croci
221 2078 307 2139 XVI
335 2088 365 2139 et
397 2080 470 2140 duas
503 2080 651 2140 victoriati
684 2080 823 2138 tertiasve
855 2087 968 2160 partes,
1001 2083 1129 2140 storacis

113 2169 184 2228 XII
204 2168 240 2249 S,
264 2170 394 2228 cinnami
417 2166 513 2226 XVII
536 2175 565 2227 et
588 2169 736 2227 victoriati
759 2167 832 2227 duas
854 2170 994 2229 tertiasve
1016 2177 1130 2250 parteS,

112 2256 272 2334 zingiberis
301 2254 397 2314 XVII
424 2263 455 2315 et
481 2257 630 2316 victoriati
657 2255 730 2315 duas
760 2258 897 2317 tertiasve
925 2264 1038 2336 partes,
1064 2257 1129 2337 phu

112 2343 138 2402 X
157 2343 216 2423 Vll,
240 2342 416 2421 petroselini
439 2342 464 2401 X
483 2342 564 2402 XlllI
587 2351 617 2402 et
636 2343 709 2402 duas
729 2347 868 2404 tertiasve
887 2347 1035 2406 vtctoriati
1053 2364 1128 2424 pon·

95 2430 194 2490 ·deris
212 2439 321 2509 partes,
346 2429 468 2490 feniculi
487 2432 608 2490 seminis
627 2429 731 2511 XIIII,
752 2430 900 2494 salluneae
921 2434 1022 2514 XIIII,
1040 2443 1128 2496 rutae
1143 2443 1170 2485 ²⁶

114 2518 262 2578 silvaticae
291 2517 376 2597 XII,
404 2520 513 2596 agarIci
542 2520 607 2578 suci
634 2517 717 2599 XII,
745 2523 900 2597 gentianae
929 2522 1044 2604 XIIII,
1073 2526 1128 2584 fris

113 2606 247 2686 lllyricae
271 2604 348 2686 XV,
371 2608 454 2665 anesi
476 2606 501 2666 X
521 2605 573 2686 lII,
597 2605 706 2686 thlaspi
729 2610 851 2670 seminis
876 2610 956 2670 XVl
983 2621 1013 2672 et
1035 2615 1128 2674 victo·

113 2696 183 2755 riati
205 2696 322 2754 tertiam
346 2702 475 2775 partem,
503 2713 589 2755 rosae
613 2695 751 2757 fohorum
775 2697 886 2780 XIIII,
916 2702 1025 2778 misyos
1050 2700 1128 2781 XV,

113 2785 241 2863 gummis
269 2783 420 2844 acanthini
442 2782 526 2865 XII,
555 2786 735 2846 cardamomi
758 2785 870 2868 Xllll,
898 2788 1021 2848 schoeni
1044 2789 1128 2850 floris

113 2872 214 2933 XIIII
237 2880 268 2933 et
290 2874 439 2935 vIctoriati
461 2874 535 2935 duas
554 2875 694 2935 tertiasve
715 2884 825 2957 partes,
848 2879 1026 2955 opopanacis
1045 2876 1072 2937 X
1090 2878 1128 2938 VI
1143 2888 1170 2928 ³⁰

113 2970 144 3023 et
167 2963 316 3023 victoriati
339 2963 413 3024 duas
436 2973 536 3043 partes
560 2972 589 3025 et
613 2971 787 3045 sextantem,
812 2967 929 3026 resinae
952 2965 1128 3027 terebinthi·

113 3070 167 3112 nae
191 3051 272 3111 XVI
296 3061 326 3112 et
350 3053 424 3113 duas
447 3056 588 3114 tertiasve
606 3054 755 3113 victoriati
773 3059 881 3131 partes.
913 3053 947 3114 ln
966 3057 1034 3114 vino
1054 3055 1128 3116 Chio

113 3140 161 3200 vel
183 3139 308 3200 Falerno
333 3141 411 3201 bono
435 3142 557 3201 odorato
581 3143 679 3200 omnia
703 3148 827 3200 contusa
851 3141 1039 3222 cribrataque
1058 3162 1128 3204 con·

114 3236 296 3308 spergnntur
320 3236 349 3288 et
372 3228 482 3308 pastilli
504 3229 573 3288 inde
597 3229 673 3288 frunt
692 3229 802 3288 diuersi
821 3230 961 3309 ponderis
981 3232 1027 3292 vel
1046 3251 1128 3292 men·

113 3335 214 3394 surae,
243 3325 350 3394 quanta
379 3316 509 3376 avellana
538 3325 567 3376 et
595 3327 705 3394 qrranta
733 3317 798 3377 faba
821 3320 964 3399 Aegyptia
988 3329 1046 3401 est,
1075 3324 1127 3399 qui
1143 3335 1170 3376 aa

112 3404 178 3464 dari
197 3403 306 3463 debent
324 3422 384 3464 non
404 3403 643 3465 febricitantibus
662 3423 698 3464 ex
717 3405 822 3486 mulso,
841 3409 967 3469 infirmis
982 3428 1018 3469 ex
1033 3428 1127 3488 aquae

113 3491 223 3552 calidae
248 3491 360 3570 cyathis
383 3491 489 3553 tribus.
