2438 3802
440 153 728 216 ·-91—

106 316 237 395 gummis
261 312 287 373 Χ
306 313 320 373 Ι
339 313 367 373 S.
409 313 494 375 Haec
513 323 600 374 tunsa
624 324 654 374 et
678 315 806 375 cribrata
830 334 898 376 cum
922 318 989 375 vino
1013 319 1124 396 optimo

106 415 188 465 teres
211 409 302 482 atque
325 402 394 463 inde
414 402 536 483 collyria
559 403 710 463 formabis.
749 403 875 474 Quidam
899 404 1031 465 adiciunt
1054 405 1124 467 huic

106 492 231 572 collyrio
259 493 392 570 viperam
421 493 529 552 siccam
558 499 588 552 et
612 493 770 553 arefactam
795 492 870 553 bene
894 495 925 552 in
949 493 1024 573 sole,
1052 504 1123 554 tam·

107 600 196 661 quam
225 582 252 640 si
275 583 314 640 sit
337 578 438 660 salita3
462 581 538 640 hanc
563 598 633 659 ergo
658 584 683 641 si
705 582 835 642 volueris
858 581 984 663 adicere,
1008 600 1124 642 exossa-

78 670 153 731 sbis
176 671 262 749 prius
286 677 316 729 et
338 669 460 729 linteolo
484 669 615 729 involves
639 677 728 749 atque
751 673 791 731 ita
815 687 905 749 super
928 688 992 730 eam
1014 673 1124 751 vinum,

106 759 187 819 unde
211 756 366 837 collyrium
390 757 446 818 hoc
466 758 693 836 temperandum
713 767 768 839 est,
791 758 945 838 defundes,
969 758 1021 818 sed
1040 762 1124 837 prius

108 865 176 906 eam
198 849 240 906 sic
262 846 480 926 praecantabis,
508 866 546 907 ne
574 847 714 908 lacrimas
742 856 840 928 exeat,
867 865 905 907 ne
936 847 1062 928 mullet,
1086 867 1123 910 ne

26 943 28 947 ’
110 942 225 995 noceat.
260 934 344 996 Dices
369 944 482 996 autem:
508 935 663 1006 Quomodo
687 947 719 996 tu
743 955 803 996 uon
827 936 917 1016 vides,
942 939 985 997 sic
1004 947 1034 998 et
1052 945 1123 998 tuus

110 1041 202 1084 sucus
229 1032 363 1103 gustatus
392 1024 466 1085 nulli
495 1035 614 1106 noceat,
643 1024 695 1085 sed
720 1024 857 1105 obrem,
885 1034 1008 1105 propter
1035 1045 1122 1104 quam

66 1131 93 1172 io
107 1112 222 1173 adiecta
252 1131 297 1193 es,
327 1114 466 1192 proficias
500 1114 575 1175 bene
608 1116 762 1174 curatione
794 1132 911 1193 precor.
958 1113 1177 1193 Collyriumtoo

106 1201 252 1280 liquidum
277 1202 546 1263 delacrimatorium
568 1205 676 1282 accipit
694 1203 780 1264 haec:
804 1202 994 1264 Chelidoniae
1013 1201 1123 1263 herbae

106 1293 172 1351 suci
191 1289 216 1350 Χ
231 1291 261 1369 8,
280 1290 377 1350 mellis
396 1291 486 1351 attici
502 1291 527 1351 Χ
541 1292 563 1371 Ι,
583 1291 764 1371 opobalsami
783 1291 808 1351 Χ
824 1291 852 1371 8,
873 1295 937 1351 suci
955 1291 1077 1370 porrili
1094 1291 1122 1352 8.

105 1377 186 1439 llaec
205 1381 296 1440 mixta
316 1378 352 1438 de
367 1381 433 1458 ipso
449 1398 521 1440 suco
542 1379 665 1458 colliges
683 1380 730 1439 vel
749 1380 785 1440 de
805 1398 879 1459 aqua
899 1379 1019 1440 fontana
1033 1389 1121 1460 atque

104 1469 146 1527 ita
174 1467 295 1546 collyria
323 1467 474 1529 formabis.
521 1468 683 1548 Collyrium
711 1472 824 1530 siccum
853 1467 947 1529 oculis
971 1469 1173 1530 siccandis201

63 1576 91 1616 15
105 1555 179 1616 utile
199 1557 358 1616 conficitur
377 1559 433 1618 sic:
458 1557 595 1618 Cadmiae
615 1557 676 1637 ΧΙ,
695 1560 773 1618 aeris
792 1559 852 1618 usti
871 1557 896 1617 Χ
915 1556 936 1639 Ι,
956 1558 1038 1618 stibii
1056 1558 1081 1617 Χ
1096 1557 1120 1638 l;

103 1644 214 1705 adicies
232 1645 303 1705 huic
322 1645 453 1728 collyrio,
477 1648 503 1706 si
522 1649 621 1707 acrius
639 1645 713 1708 illud
732 1648 829 1707 facere
848 1646 987 1727 volueris,
1012 1655 1122 1707 stactes

104 1732 130 1792 Χ
150 1733 170 1792 8
195 1741 225 1793 et
248 1734 356 1794 tundes
380 1744 470 1814 atque
495 1735 642 1796 cribrabis
669 1754 724 1814 per
751 1737 960 1796 tenuissimum
988 1735 1122 1795 cribrum

104 1831 134 1882 et
162 1824 205 1882 sic
233 1823 356 1901 pulvere
382 1827 487 1884 uteris.
533 1823 620 1884 Aliud
650 1827 764 1885 siccum
792 1823 947 1902 collyrium
975 1824 1009 1884 ad
1038 1824 1174 1884 idem202

104 1910 208 1972 efficax
229 1914 286 1972 sic:
310 1912 447 1972 Cadmiae
468 1913 493 1972 Χ
513 1912 586 1991 Vlll,
606 1912 675 1973 salis
695 1913 872 1973 ammoniaci
890 1911 914 1970 Χ
931 1911 990 1992 Vll,
1009 1915 1122 1992 piperis

61 2018 88 2059 ao
103 1998 129 2059 Χ
144 1998 176 2079 V,
196 2002 292 2060 casiae
312 2000 337 2060 Χ
355 1999 387 2061 V.
427 2001 547 2062 Tundes
571 2001 645 2061 haec
669 2009 757 2078 atque
781 2003 813 2059 in
835 1999 987 2078 pulverem
1011 2003 1122 2061 tenuis-

104 2091 212 2149 simum
243 2089 361 2167 rediges
390 2098 420 2150 et
448 2091 491 2150 sic
515 2091 620 2149 uteris,
667 2088 828 2168 Collyrium
851 2090 964 2147 siccum
988 2087 1174 2148 callible·203

103 2177 216 2256 pharon
237 2178 394 2238 conficitur
413 2180 472 2239 sic:
497 2177 586 2238 Stibii
605 2176 744 2238 conbusti
762 2177 787 2237 Χ
802 2176 824 2258 Ι,
843 2178 956 2255 piperis
974 2175 1032 2236 albi
1051 2175 1121 2256 Χ8,

103 2265 166 2325 folii
189 2266 352 2347 capitulum
376 2285 479 2346 unum,
503 2266 625 2328 stibium
650 2265 799 2328 conbures
824 2274 854 2326 et
878 2265 949 2326 lotio
968 2267 1056 2344 pueri
1078 2267 1121 2324 in-

102 2353 192 2433 pubis
221 2357 377 2433 extinguas
407 2365 437 2416 et
460 2356 587 2417 siccabis
617 2363 647 2417 et
670 2356 779 2417 tundes
803 2364 833 2417 et
856 2354 1001 2416 cribrabis
1025 2363 1055 2416 et
1078 2356 1122 2415 sic

60 2463 88 2504 as
103 2445 207 2504 uteris.
241 2444 402 2523 Collyrium
422 2445 542 2506 diosus
562 2445 597 2506 ad
618 2446 819 2525 aspritudines
839 2445 994 2506 oculorum
1013 2444 1175 2505 tollen-204

104 2532 156 2592 das
179 2534 351 2594 conficitur:
388 2533 526 2595 Cadmiae
551 2534 577 2594 Χ
595 2534 663 2614 ΧΠ,
688 2537 765 2596 aeris
788 2537 850 2596 usti
872 2534 898 2594 Χ
917 2532 956 2614 Χ,
979 2533 1120 2594 haemati-
1144 2557 1145 2560 ¹

103 2623 142 2681 tis
166 2620 191 2680 Χ
210 2621 242 2702 V,
265 2641 382 2701 myrrae
406 2623 432 2683 Χ
450 2623 512 2704 1111,
531 2627 660 2702 gummis
680 2623 705 2684 Χ
724 2623 783 2684 Vll.
820 2623 900 2684 Haec
919 2625 950 2683 in
968 2624 1120 2702 pulverem

102 2709 223 2771 redacta
246 2719 330 2771 aceto
354 2715 466 2790 optimo
491 2713 613 2791 colliges
642 2720 672 2772 et
696 2713 802 2772 deinde
826 2712 946 2790 collyria
970 2711 1120 2772 formabis,

103 2797 264 2878 Collyrium
288 2808 415 2861 stactam
435 2803 544 2878 accipit
562 2801 650 2860 haec:
673 2800 789 2876 Piperis
808 2799 868 2859 albi
887 2799 912 2857 Χ
932 2797 966 2876 11,
986 2800 1174 2859 cadmiaeaoa

59 2906 87 2947 oo
103 2886 128 2946 Χ
148 2887 199 2947 Vll
218 2888 247 2968 8,
271 2907 412 2950 cerussae
436 2888 461 2947 Χ
481 2887 505 2945 V
525 2888 554 2961 8,
578 2887 673 2946 ludici
696 2885 722 2944 Χ
741 2885 765 2942 V
785 2886 818 2964 8,
841 2885 1022 2964 opobalsami
1045 2885 1071 2944 Χ
1091 2885 1120 2963 8,

100 2979 230 3054 gummis
254 2976 371 3037 xvssl.
418 2975 498 3036 Haec
527 2977 558 3035 in
584 2974 738 3054 pulverem
761 2973 881 3032 redacta
904 2971 1029 3032 Falerno
1052 2974 1121 3031 vino

100 3065 283 3145 temperabis
300 3074 331 3127 et
345 3065 476 3145 colliges.
511 3063 672 3143 Collyrium
688 3061 888 3139 diapsoricum
903 3061 1012 3137 accipit
1031 3059 1175 3120 haeczaoo

106 3153 219 3232 Piperis
234 3153 293 3215 albi
307 3154 332 3214 Χ
349 3155 370 3235 l,
386 3158 467 3216 croci
483 3153 576 3215 Siculi
591 3152 617 3212 Χ
633 3152 654 3232 Ι,
669 3167 785 3230 myrrae
800 3148 870 3228 ΧΠ,
885 3147 975 3207 amuli
989 3147 1046 3227 ΧΙ,
1061 3149 1121 3226 opii

100 3242 126 3302 Χ
143 3243 172 3323 8,
191 3243 373 3323 opobalsami
387 3243 413 3303 Χ
428 3244 458 3325 8,
478 3245 607 3322 gummis
622 3241 648 3301 Χ
663 3240 697 3302 ll.
729 3240 812 3318 Aqua
831 3235 952 3318 pluviali
971 3237 1043 3298 haec
1063 3235 1121 3297 col·

58 3349 86 3390 as
99 3331 175 3411 liges
185 3340 274 3394 tunsa
284 3340 373 3411 atque
385 3333 513 3394 cribrata
525 3340 615 3411 atque
626 3330 695 3391 inde
707 3328 826 3410 collyria
838 3328 937 3388 facies,
957 3326 1174 3407 Collyriumaor

172 3527 190 3575 4
209 3520 312 3578 salliia.
386 3526 420 3574 16
439 3521 544 3578 stactes
562 3519 589 3576 Χ
608 3521 641 3597 S]
661 3521 772 3580 sleoios
787 3519 829 3579 Χ.
900 3525 940 3575 ‘st
955 3518 1097 3590 padusae.
