<?xml version="1.0" encoding="UTF-8"?>
<!DOCTYPE html PUBLIC "-//W3C//DTD XHTML 1.0 Transitional//EN"
    "http://www.w3.org/TR/xhtml1/DTD/xhtml1-transitional.dtd">
<html xmlns="http://www.w3.org/1999/xhtml" xml:lang="en" lang="en">
 <head>
  <title>
</title>
<meta http-equiv="Content-Type" content="text/html;charset=utf-8" />
  <meta name='ocr-system' content='tesseract 3.04.00' />
  <meta name='ocr-capabilities' content='ocr_page ocr_carea ocr_par ocr_line ocrx_word'/>
</head>
<body>
  <div class='ocr_page' id='page_1' title='image "./marcellidemedic01helmgoog_0285.png"; bbox 0 0 2438 3802; ppageno 0'>
   <div class='ocr_carea' id='block_1_1' title="bbox 496 141 739 206">
    <p class='ocr_par' dir='ltr' id='par_1_1' title="bbox 496 141 739 206">
     <span class='ocr_line' id='line_1_1' title="bbox 496 141 739 206; baseline 0 0"><span class='ocrx_word' id='word_1_1' title='bbox 496 141 739 206; x_wconf 77' lang='lat'>-274-</span> 
     </span>
    </p>
   </div>
   <div class='ocr_carea' id='block_1_2' title="bbox 68 303 1166 3046">
    <p class='ocr_par' dir='ltr' id='par_1_2' title="bbox 68 303 1166 3046">
     <span class='ocr_line' id='line_1_2' title="bbox 108 303 1131 386; baseline 0.004 -20"><span class='ocrx_word' id='word_1_2' title='bbox 108 305 233 386; x_wconf 83' lang='lat' dir='ltr'><strong>Dantur,</strong></span> <span class='ocrx_word' id='word_1_3' title='bbox 252 323 321 366; x_wconf 93' lang='lat' dir='ltr'><strong>cum</strong></span> <span class='ocrx_word' id='word_1_4' title='bbox 339 323 389 366; x_wconf 90' lang='lat' dir='ltr'><strong>res</strong></span> <span class='ocrx_word' id='word_1_5' title='bbox 408 303 546 384; x_wconf 89' lang='lat' dir='ltr'><strong>postulat,</strong></span> <span class='ocrx_word' id='word_1_6' title='bbox 566 321 603 364; x_wconf 81' lang='lat' dir='ltr'><strong>ex</strong></span> <span class='ocrx_word' id='word_1_7' title='bbox 621 312 704 364; x_wconf 89' lang='lat' dir='ltr'><strong>aceto</strong></span> <span class='ocrx_word' id='word_1_8' title='bbox 724 313 754 364; x_wconf 86' lang='lat' dir='ltr'><strong>et</strong></span> <span class='ocrx_word' id='word_1_9' title='bbox 773 303 858 364; x_wconf 90' lang='lat' dir='ltr'><strong>melle</strong></span> <span class='ocrx_word' id='word_1_10' title='bbox 877 306 1020 374; x_wconf 87' lang='lat' dir='ltr'><strong>inunum</strong></span> <span class='ocrx_word' id='word_1_11' title='bbox 1034 309 1131 370; x_wconf 82' lang='lat' dir='ltr'><strong>mixto</strong></span> 
     </span>
     <span class='ocr_line' id='line_1_3' title="bbox 109 391 1131 476; baseline 0.003 -21"><span class='ocrx_word' id='word_1_12' title='bbox 109 394 223 475; x_wconf 80' lang='lat' dir='ltr'><strong>cyathis</strong></span> <span class='ocrx_word' id='word_1_13' title='bbox 245 393 357 474; x_wconf 80' lang='lat' dir='ltr'><strong>tribus3</strong></span> <span class='ocrx_word' id='word_1_14' title='bbox 380 393 417 454; x_wconf 95' lang='lat' dir='ltr'><strong>ad</strong></span> <span class='ocrx_word' id='word_1_15' title='bbox 440 394 545 454; x_wconf 89' lang='lat' dir='ltr'><strong>vitium</strong></span> <span class='ocrx_word' id='word_1_16' title='bbox 568 399 667 453; x_wconf 91' lang='lat' dir='ltr'><strong>autem</strong></span> <span class='ocrx_word' id='word_1_17' title='bbox 690 391 858 474; x_wconf 81' lang='lat' dir='ltr'><strong>mulierum,</strong></span> <span class='ocrx_word' id='word_1_18' title='bbox 883 411 942 473; x_wconf 93' lang='lat' dir='ltr'><strong>quo</strong></span> <span class='ocrx_word' id='word_1_19' title='bbox 967 404 1131 476; x_wconf 79' lang='lat' dir='ltr'>correptae</span> 
     </span>
     <span class='ocr_line' id='line_1_4' title="bbox 110 480 1130 566; baseline 0.003 -21"><span class='ocrx_word' id='word_1_20' title='bbox 110 484 307 564; x_wconf 84' lang='lat' dir='ltr'><strong>suffocantur,</strong></span> <span class='ocrx_word' id='word_1_21' title='bbox 335 482 414 562; x_wconf 93' lang='lat' dir='ltr'><strong>quod</strong></span> <span class='ocrx_word' id='word_1_22' title='bbox 442 481 547 541; x_wconf 85' lang='lat' dir='ltr'><strong>Graeci</strong></span> <span class='ocrx_word' id='word_1_23' title='bbox 575 480 745 560; x_wconf 90' lang='lat' dir='ltr'><strong>hystericen</strong></span> <span class='ocrx_word' id='word_1_24' title='bbox 776 484 865 560; x_wconf 80' lang='lat' dir='ltr'><strong>pniga</strong></span> <span class='ocrx_word' id='word_1_25' title='bbox 892 482 1062 566; x_wconf 90' lang='lat' dir='ltr'><strong>appellant,</strong></span> <span class='ocrx_word' id='word_1_26' title='bbox 1092 504 1130 548; x_wconf 84' lang='lat' dir='ltr'><strong>ex</strong></span> 
     </span>
     <span class='ocr_line' id='line_1_5' title="bbox 108 570 1130 654; baseline 0.002 -20"><span class='ocrx_word' id='word_1_27' title='bbox 108 591 185 653; x_wconf 90' lang='lat' dir='ltr'><strong>aqua</strong></span> <span class='ocrx_word' id='word_1_28' title='bbox 213 573 308 633; x_wconf 91' lang='lat' dir='ltr'><strong>mulsa</strong></span> <span class='ocrx_word' id='word_1_29' title='bbox 336 571 400 631; x_wconf 92' lang='lat' dir='ltr'><strong>dari</strong></span> <span class='ocrx_word' id='word_1_30' title='bbox 423 577 553 650; x_wconf 82' lang='lat' dir='ltr'>oportet,</span> <span class='ocrx_word' id='word_1_31' title='bbox 582 577 810 651; x_wconf 83' lang='lat' dir='ltr'><strong>quantumnux</strong></span> <span class='ocrx_word' id='word_1_32' title='bbox 832 570 962 632; x_wconf 89' lang='lat' dir='ltr'><strong>avellana</strong></span> <span class='ocrx_word' id='word_1_33' title='bbox 986 580 1050 654; x_wconf 81' lang='lat' dir='ltr'><strong>est3</strong></span> <span class='ocrx_word' id='word_1_34' title='bbox 1079 574 1130 636; x_wconf 93' lang='lat' dir='ltr'><strong>de·</strong></span> 
     </span>
     <span class='ocr_line' id='line_1_6' title="bbox 108 660 1154 737; baseline -0.008 -14"><span class='ocrx_word' id='word_1_35' title='bbox 108 663 200 723; x_wconf 90' lang='lat' dir='ltr'><strong>trahit</strong></span> <span class='ocrx_word' id='word_1_36' title='bbox 223 663 302 720; x_wconf 90' lang='lat' dir='ltr'><strong>enim</strong></span> <span class='ocrx_word' id='word_1_37' title='bbox 325 661 441 720; x_wconf 91' lang='lat' dir='ltr'><strong>urinam</strong></span> <span class='ocrx_word' id='word_1_38' title='bbox 465 660 624 737; x_wconf 90' lang='lat' dir='ltr'><strong>copiosam.</strong></span> <span class='ocrx_word' id='word_1_39' title='bbox 1142 682 1154 724; x_wconf 82' lang='lat'>⁵</span> 
     </span>
     <span class='ocr_line' id='line_1_7' title="bbox 72 746 1131 831; baseline 0.004 -21"><span class='ocrx_word' id='word_1_40' title='bbox 72 761 89 810; x_wconf 79' lang='lat' dir='ltr'><strong>t</strong></span> <span class='ocrx_word' id='word_1_41' title='bbox 197 749 458 827; x_wconf 78' lang='lat' dir='ltr'><strong>Medicamentum,</strong></span> <span class='ocrx_word' id='word_1_42' title='bbox 487 747 565 825; x_wconf 90' lang='lat' dir='ltr'><strong>quod</strong></span> <span class='ocrx_word' id='word_1_43' title='bbox 594 747 796 808; x_wconf 78' lang='lat' dir='ltr'><strong>dodecatheon</strong></span> <span class='ocrx_word' id='word_1_44' title='bbox 824 746 1002 831; x_wconf 90' lang='lat' dir='ltr'><strong>appellatur,</strong></span> <span class='ocrx_word' id='word_1_45' title='bbox 1027 760 1131 814; x_wconf 87' lang='lat' dir='ltr'><strong>movet</strong></span> 
     </span>
     <span class='ocr_line' id='line_1_8' title="bbox 107 835 1130 917; baseline 0.003 -19"><span class='ocrx_word' id='word_1_46' title='bbox 107 840 239 916; x_wconf 91' lang='lat' dir='ltr'><strong>urinam,</strong></span> <span class='ocrx_word' id='word_1_47' title='bbox 267 836 338 897; x_wconf 87' lang='lat' dir='ltr'><strong>facit</strong></span> <span class='ocrx_word' id='word_1_48' title='bbox 360 842 391 896; x_wconf 94' lang='lat' dir='ltr'><strong>et</strong></span> <span class='ocrx_word' id='word_1_49' title='bbox 413 835 449 896; x_wconf 95' lang='lat' dir='ltr'><strong>ad</strong></span> <span class='ocrx_word' id='word_1_50' title='bbox 473 854 537 917; x_wconf 91' lang='lat' dir='ltr'><strong>eos,</strong></span> <span class='ocrx_word' id='word_1_51' title='bbox 566 838 617 914; x_wconf 94' lang='lat' dir='ltr'><strong>qui</strong></span> <span class='ocrx_word' id='word_1_52' title='bbox 640 835 794 897; x_wconf 89' lang='lat' dir='ltr'><strong>reficiendi</strong></span> <span class='ocrx_word' id='word_1_53' title='bbox 819 844 890 897; x_wconf 90' lang='lat' dir='ltr'><strong>sunt</strong></span> <span class='ocrx_word' id='word_1_54' title='bbox 911 848 981 916; x_wconf 90' lang='lat' dir='ltr'><strong>post</strong></span> <span class='ocrx_word' id='word_1_55' title='bbox 1003 855 1130 916; x_wconf 84' lang='lat' dir='ltr'><strong>gravem</strong></span> 
     </span>
     <span class='ocr_line' id='line_1_9' title="bbox 108 924 1129 1004; baseline 0.005 -19"><span class='ocrx_word' id='word_1_56' title='bbox 108 924 341 1004; x_wconf 84' lang='lat' dir='ltr'><strong>inbecillitatem,</strong></span> <span class='ocrx_word' id='word_1_57' title='bbox 366 924 437 984; x_wconf 87' lang='lat' dir='ltr'><strong>facit</strong></span> <span class='ocrx_word' id='word_1_58' title='bbox 460 932 490 985; x_wconf 89' lang='lat' dir='ltr'><strong>et</strong></span> <span class='ocrx_word' id='word_1_59' title='bbox 513 924 549 985; x_wconf 92' lang='lat' dir='ltr'><strong>ad</strong></span> <span class='ocrx_word' id='word_1_60' title='bbox 573 926 747 1004; x_wconf 83' lang='lat' dir='ltr'><strong>auruginem</strong></span> <span class='ocrx_word' id='word_1_61' title='bbox 770 924 914 986; x_wconf 88' lang='lat' dir='ltr'><strong>babentes</strong></span> <span class='ocrx_word' id='word_1_62' title='bbox 937 933 967 986; x_wconf 89' lang='lat' dir='ltr'><strong>et</strong></span> <span class='ocrx_word' id='word_1_63' title='bbox 991 926 1029 988; x_wconf 93' lang='lat' dir='ltr'><strong>ad</strong></span> <span class='ocrx_word' id='word_1_64' title='bbox 1055 931 1129 990; x_wconf 91' lang='lat' dir='ltr'><strong>ioci-</strong></span> 
     </span>
     <span class='ocr_line' id='line_1_10' title="bbox 108 1012 1129 1095; baseline 0.004 -21"><span class='ocrx_word' id='word_1_65' title='bbox 108 1016 189 1074; x_wconf 89' lang='lat' dir='ltr'><strong>neris</strong></span> <span class='ocrx_word' id='word_1_66' title='bbox 213 1021 244 1073; x_wconf 92' lang='lat' dir='ltr'><strong>et</strong></span> <span class='ocrx_word' id='word_1_67' title='bbox 266 1014 385 1073; x_wconf 93' lang='lat' dir='ltr'><strong>renium</strong></span> <span class='ocrx_word' id='word_1_68' title='bbox 407 1012 540 1074; x_wconf 90' lang='lat' dir='ltr'><strong>dolorem</strong></span> <span class='ocrx_word' id='word_1_69' title='bbox 563 1021 594 1074; x_wconf 93' lang='lat' dir='ltr'><strong>et</strong></span> <span class='ocrx_word' id='word_1_70' title='bbox 617 1013 653 1073; x_wconf 95' lang='lat' dir='ltr'><strong>ad</strong></span> <span class='ocrx_word' id='word_1_71' title='bbox 676 1013 806 1074; x_wconf 88' lang='lat' dir='ltr'><strong>lienosos</strong></span> <span class='ocrx_word' id='word_1_72' title='bbox 831 1021 861 1074; x_wconf 91' lang='lat' dir='ltr'><strong>et</strong></span> <span class='ocrx_word' id='word_1_73' title='bbox 884 1013 920 1075; x_wconf 92' lang='lat' dir='ltr'><strong>ad</strong></span> <span class='ocrx_word' id='word_1_74' title='bbox 943 1013 1129 1095; x_wconf 90' lang='lat' dir='ltr'><strong>hydropicos</strong></span> 
     </span>
     <span class='ocr_line' id='line_1_11' title="bbox 108 1101 1166 1183; baseline 0.003 -21"><span class='ocrx_word' id='word_1_75' title='bbox 108 1103 197 1163; x_wconf 92' lang='lat' dir='ltr'><strong>etad</strong></span> <span class='ocrx_word' id='word_1_76' title='bbox 221 1101 381 1163; x_wconf 85' lang='lat' dir='ltr'><strong>difficulter</strong></span> <span class='ocrx_word' id='word_1_77' title='bbox 404 1103 520 1162; x_wconf 91' lang='lat' dir='ltr'><strong>urinam</strong></span> <span class='ocrx_word' id='word_1_78' title='bbox 544 1101 719 1183; x_wconf 81' lang='lat' dir='ltr'><strong>reddentes3</strong></span> <span class='ocrx_word' id='word_1_79' title='bbox 743 1102 895 1181; x_wconf 89' lang='lat' dir='ltr'><strong>crapulam</strong></span> <span class='ocrx_word' id='word_1_80' title='bbox 918 1121 1040 1182; x_wconf 92' lang='lat' dir='ltr'><strong>quoque</strong></span> <span class='ocrx_word' id='word_1_81' title='bbox 1065 1124 1128 1167; x_wconf 91' lang='lat' dir='ltr'><strong>non</strong></span> <span class='ocrx_word' id='word_1_82' title='bbox 1142 1127 1166 1166; x_wconf 85' lang='grc' dir='ltr'><strong>ιο</strong></span> 
     </span>
     <span class='ocr_line' id='line_1_12' title="bbox 107 1189 1129 1270; baseline 0.004 -18"><span class='ocrx_word' id='word_1_83' title='bbox 107 1194 220 1270; x_wconf 89' lang='lat' dir='ltr'><strong>patitur</strong></span> <span class='ocrx_word' id='word_1_84' title='bbox 243 1192 311 1251; x_wconf 87' lang='lat' dir='ltr'><strong>vino</strong></span> <span class='ocrx_word' id='word_1_85' title='bbox 335 1193 420 1270; x_wconf 84' lang='lat' dir='ltr'><strong>nigro</strong></span> <span class='ocrx_word' id='word_1_86' title='bbox 444 1199 548 1270; x_wconf 91' lang='lat' dir='ltr'><strong>potum</strong></span> <span class='ocrx_word' id='word_1_87' title='bbox 572 1189 744 1251; x_wconf 87' lang='lat' dir='ltr'><strong>subsistere.</strong></span> <span class='ocrx_word' id='word_1_88' title='bbox 781 1190 909 1252; x_wconf 86' lang='lat' dir='ltr'><strong>Prodest</strong></span> <span class='ocrx_word' id='word_1_89' title='bbox 932 1194 1129 1256; x_wconf 86' lang='lat' dir='ltr'><strong>stomachicis</strong></span> 
     </span>
     <span class='ocr_line' id='line_1_13' title="bbox 107 1278 1129 1345; baseline 0.005 -5"><span class='ocrx_word' id='word_1_90' title='bbox 107 1289 137 1341; x_wconf 86' lang='lat' dir='ltr'><strong>et</strong></span> <span class='ocrx_word' id='word_1_91' title='bbox 159 1279 336 1341; x_wconf 91' lang='lat' dir='ltr'><strong>mulieribus</strong></span> <span class='ocrx_word' id='word_1_92' title='bbox 360 1299 376 1340; x_wconf 90' lang='lat' dir='ltr'><strong>a</strong></span> <span class='ocrx_word' id='word_1_93' title='bbox 399 1279 484 1341; x_wconf 85' lang='lat' dir='ltr'><strong>vulva</strong></span> <span class='ocrx_word' id='word_1_94' title='bbox 507 1278 710 1340; x_wconf 89' lang='lat' dir='ltr'><strong>laborantibus</strong></span> <span class='ocrx_word' id='word_1_95' title='bbox 733 1286 763 1339; x_wconf 89' lang='lat' dir='ltr'><strong>et</strong></span> <span class='ocrx_word' id='word_1_96' title='bbox 787 1279 823 1340; x_wconf 90' lang='lat' dir='ltr'><strong>ad</strong></span> <span class='ocrx_word' id='word_1_97' title='bbox 842 1282 940 1340; x_wconf 92' lang='lat' dir='ltr'><strong>omnia</strong></span> <span class='ocrx_word' id='word_1_98' title='bbox 958 1299 1078 1343; x_wconf 87' lang='lat' dir='ltr'><strong>venena</strong></span> <span class='ocrx_word' id='word_1_99' title='bbox 1096 1292 1129 1345; x_wconf 88' lang='lat' dir='ltr'><strong>et</strong></span> 
     </span>
     <span class='ocr_line' id='line_1_14' title="bbox 106 1368 1128 1448; baseline 0.003 -18"><span class='ocrx_word' id='word_1_100' title='bbox 106 1371 143 1430; x_wconf 93' lang='lat' dir='ltr'><strong>ad</strong></span> <span class='ocrx_word' id='word_1_101' title='bbox 167 1371 351 1448; x_wconf 90' lang='lat' dir='ltr'><strong>serpentium</strong></span> <span class='ocrx_word' id='word_1_102' title='bbox 374 1386 492 1429; x_wconf 92' lang='lat' dir='ltr'><strong>morsus</strong></span> <span class='ocrx_word' id='word_1_103' title='bbox 516 1377 604 1446; x_wconf 92' lang='lat' dir='ltr'><strong>atque</strong></span> <span class='ocrx_word' id='word_1_104' title='bbox 628 1370 705 1428; x_wconf 90' lang='lat' dir='ltr'><strong>ictus</strong></span> <span class='ocrx_word' id='word_1_105' title='bbox 729 1375 759 1428; x_wconf 92' lang='lat' dir='ltr'><strong>et</strong></span> <span class='ocrx_word' id='word_1_106' title='bbox 778 1368 814 1428; x_wconf 94' lang='lat' dir='ltr'><strong>ad</strong></span> <span class='ocrx_word' id='word_1_107' title='bbox 833 1371 960 1430; x_wconf 89' lang='lat' dir='ltr'><strong>interius</strong></span> <span class='ocrx_word' id='word_1_108' title='bbox 979 1372 1128 1433; x_wconf 84' lang='lat' dir='ltr'><strong>convulsa</strong></span> 
     </span>
     <span class='ocr_line' id='line_1_15' title="bbox 107 1456 1128 1538; baseline 0.002 -20"><span class='ocrx_word' id='word_1_109' title='bbox 107 1461 178 1518; x_wconf 90' lang='lat' dir='ltr'><strong>satis</strong></span> <span class='ocrx_word' id='word_1_110' title='bbox 202 1457 274 1518; x_wconf 89' lang='lat' dir='ltr'><strong>utile</strong></span> <span class='ocrx_word' id='word_1_111' title='bbox 299 1465 358 1538; x_wconf 78' lang='lat' dir='ltr'><strong>est3</strong></span> <span class='ocrx_word' id='word_1_112' title='bbox 381 1458 539 1517; x_wconf 89' lang='lat' dir='ltr'><strong>conficitur</strong></span> <span class='ocrx_word' id='word_1_113' title='bbox 562 1458 619 1517; x_wconf 91' lang='lat' dir='ltr'><strong>sic:</strong></span> <span class='ocrx_word' id='word_1_114' title='bbox 642 1456 757 1535; x_wconf 89' lang='lat' dir='ltr'><strong>Myrrae</strong></span> <span class='ocrx_word' id='word_1_115' title='bbox 781 1456 860 1538; x_wconf 85' lang='lat' dir='ltr'><strong>llll,</strong></span> <span class='ocrx_word' id='word_1_116' title='bbox 884 1459 981 1518; x_wconf 87' lang='lat' dir='ltr'><strong>casiae</strong></span> <span class='ocrx_word' id='word_1_117' title='bbox 999 1462 1128 1522; x_wconf 91' lang='lat' dir='ltr'><strong>corticis</strong></span> 
     </span>
     <span class='ocr_line' id='line_1_16' title="bbox 105 1544 1166 1630; baseline 0.004 -24"><span class='ocrx_word' id='word_1_118' title='bbox 105 1545 131 1606; x_wconf 85' lang='lat' dir='ltr'><strong>ll</strong></span> <span class='ocrx_word' id='word_1_119' title='bbox 150 1545 201 1625; x_wconf 87' lang='lat'><strong>11,</strong></span> <span class='ocrx_word' id='word_1_120' title='bbox 218 1548 272 1606; x_wconf 90' lang='lat' dir='ltr'><strong>iris</strong></span> <span class='ocrx_word' id='word_1_121' title='bbox 295 1545 407 1625; x_wconf 83' lang='lat' dir='ltr'><strong>llIS,</strong></span> <span class='ocrx_word' id='word_1_122' title='bbox 435 1547 494 1623; x_wconf 91' lang='lat' dir='ltr'><strong>apii</strong></span> <span class='ocrx_word' id='word_1_123' title='bbox 517 1546 640 1605; x_wconf 90' lang='lat' dir='ltr'><strong>seminis</strong></span> <span class='ocrx_word' id='word_1_124' title='bbox 664 1544 735 1605; x_wconf 83' lang='lat' dir='ltr'><strong>llll</strong></span> <span class='ocrx_word' id='word_1_125' title='bbox 763 1554 794 1607; x_wconf 91' lang='lat' dir='ltr'><strong>ct</strong></span> <span class='ocrx_word' id='word_1_126' title='bbox 820 1547 939 1606; x_wconf 88' lang='lat' dir='ltr'><strong>tertiam</strong></span> <span class='ocrx_word' id='word_1_127' title='bbox 963 1548 1127 1630; x_wconf 87' lang='lat' dir='ltr'><strong>victoriati,</strong></span> <span class='ocrx_word' id='word_1_128' title='bbox 1141 1568 1166 1610; x_wconf 80' lang='lat' dir='ltr'><strong>re</strong></span> 
     </span>
     <span class='ocr_line' id='line_1_17' title="bbox 105 1633 1126 1715; baseline 0.004 -20"><span class='ocrx_word' id='word_1_129' title='bbox 105 1636 187 1696; x_wconf 91' lang='lat' dir='ltr'><strong>acori</strong></span> <span class='ocrx_word' id='word_1_130' title='bbox 210 1634 276 1715; x_wconf 82' lang='lat' dir='ltr'><strong>lll,</strong></span> <span class='ocrx_word' id='word_1_131' title='bbox 298 1652 372 1694; x_wconf 84' lang='lat' dir='ltr'><strong>uvae</strong></span> <span class='ocrx_word' id='word_1_132' title='bbox 391 1651 495 1711; x_wconf 88' lang='lat' dir='ltr'><strong>passae</strong></span> <span class='ocrx_word' id='word_1_133' title='bbox 515 1635 579 1693; x_wconf 90' lang='lat' dir='ltr'><strong>sine</strong></span> <span class='ocrx_word' id='word_1_134' title='bbox 597 1636 697 1711; x_wconf 80' lang='lat' dir='ltr'><strong>granis</strong></span> <span class='ocrx_word' id='word_1_135' title='bbox 716 1633 801 1694; x_wconf 83' lang='lat' dir='ltr'><strong>llVl.</strong></span> <span class='ocrx_word' id='word_1_136' title='bbox 837 1633 915 1695; x_wconf 88' lang='lat' dir='ltr'><strong>llaec</strong></span> <span class='ocrx_word' id='word_1_137' title='bbox 935 1638 1034 1696; x_wconf 91' lang='lat' dir='ltr'><strong>omnia</strong></span> <span class='ocrx_word' id='word_1_138' title='bbox 1054 1640 1126 1699; x_wconf 89' lang='lat' dir='ltr'><strong>vino</strong></span> 
     </span>
     <span class='ocr_line' id='line_1_18' title="bbox 104 1721 1126 1803; baseline 0.004 -19"><span class='ocrx_word' id='word_1_139' title='bbox 104 1723 223 1784; x_wconf 83' lang='lat' dir='ltr'><strong>Ariusio</strong></span> <span class='ocrx_word' id='word_1_140' title='bbox 247 1730 372 1784; x_wconf 93' lang='lat' dir='ltr'><strong>contusa</strong></span> <span class='ocrx_word' id='word_1_141' title='bbox 394 1721 583 1800; x_wconf 89' lang='lat' dir='ltr'><strong>cribrataque</strong></span> <span class='ocrx_word' id='word_1_142' title='bbox 607 1729 859 1803; x_wconf 83' lang='lat' dir='ltr'><strong>consparguntur3</strong></span> <span class='ocrx_word' id='word_1_143' title='bbox 884 1723 989 1784; x_wconf 89' lang='lat' dir='ltr'><strong>deinde</strong></span> <span class='ocrx_word' id='word_1_144' title='bbox 1013 1743 1053 1786; x_wconf 84' lang='lat' dir='ltr'><strong>ex</strong></span> <span class='ocrx_word' id='word_1_145' title='bbox 1077 1727 1126 1788; x_wconf 94' lang='lat' dir='ltr'><strong>his</strong></span> 
     </span>
     <span class='ocr_line' id='line_1_19' title="bbox 105 1809 1124 1895; baseline 0.004 -23"><span class='ocrx_word' id='word_1_146' title='bbox 105 1813 181 1874; x_wconf 89' lang='lat' dir='ltr'><strong>liunt</strong></span> <span class='ocrx_word' id='word_1_147' title='bbox 203 1811 314 1892; x_wconf 91' lang='lat' dir='ltr'><strong>pastilli</strong></span> <span class='ocrx_word' id='word_1_148' title='bbox 336 1809 362 1870; x_wconf 83' lang='lat' dir='ltr'><strong>ll</strong></span> <span class='ocrx_word' id='word_1_149' title='bbox 386 1811 584 1891; x_wconf 84' lang='lat' dir='ltr'><strong>singulorum,</strong></span> <span class='ocrx_word' id='word_1_150' title='bbox 613 1812 747 1890; x_wconf 89' lang='lat' dir='ltr'><strong>quamvis</strong></span> <span class='ocrx_word' id='word_1_151' title='bbox 775 1821 879 1872; x_wconf 89' lang='lat' dir='ltr'><strong>auctor</strong></span> <span class='ocrx_word' id='word_1_152' title='bbox 907 1811 986 1872; x_wconf 90' lang='lat' dir='ltr'><strong>dicat</strong></span> <span class='ocrx_word' id='word_1_153' title='bbox 1014 1831 1049 1874; x_wconf 89' lang='lat' dir='ltr'><strong>se</strong></span> <span class='ocrx_word' id='word_1_154' title='bbox 1072 1834 1124 1895; x_wconf 93' lang='lat' dir='ltr'><strong>pa·</strong></span> 
     </span>
     <span class='ocr_line' id='line_1_20' title="bbox 105 1899 1124 1983; baseline 0.005 -23"><span class='ocrx_word' id='word_1_155' title='bbox 105 1901 191 1961; x_wconf 91' lang='lat' dir='ltr'><strong>stillis</strong></span> <span class='ocrx_word' id='word_1_156' title='bbox 219 1919 308 1962; x_wconf 89' lang='lat' dir='ltr'><strong>usum</strong></span> <span class='ocrx_word' id='word_1_157' title='bbox 336 1901 425 1961; x_wconf 92' lang='lat' dir='ltr'><strong>etiam</strong></span> <span class='ocrx_word' id='word_1_158' title='bbox 453 1899 489 1960; x_wconf 93' lang='lat' dir='ltr'><strong>ad</strong></span> <span class='ocrx_word' id='word_1_159' title='bbox 518 1899 632 1961; x_wconf 90' lang='lat' dir='ltr'><strong>denarii</strong></span> <span class='ocrx_word' id='word_1_160' title='bbox 660 1901 815 1960; x_wconf 90' lang='lat' dir='ltr'><strong>semissem</strong></span> <span class='ocrx_word' id='word_1_161' title='bbox 842 1919 911 1961; x_wconf 91' lang='lat' dir='ltr'><strong>cum</strong></span> <span class='ocrx_word' id='word_1_162' title='bbox 939 1903 999 1962; x_wconf 90' lang='lat' dir='ltr'><strong>vini</strong></span> <span class='ocrx_word' id='word_1_163' title='bbox 1028 1920 1124 1983; x_wconf 92' lang='lat' dir='ltr'><strong>supra</strong></span> 
     </span>
     <span class='ocr_line' id='line_1_21' title="bbox 105 1989 1164 2068; baseline 0.005 -19"><span class='ocrx_word' id='word_1_164' title='bbox 105 1989 177 2050; x_wconf 93' lang='lat' dir='ltr'><strong>dicti</strong></span> <span class='ocrx_word' id='word_1_165' title='bbox 202 1991 315 2068; x_wconf 77' lang='lat' dir='ltr'><strong>cyatho.</strong></span> <span class='ocrx_word' id='word_1_166' title='bbox 1137 2013 1164 2054; x_wconf 80' lang='lat' dir='ltr'><strong>ao</strong></span> 
     </span>
     <span class='ocr_line' id='line_1_22' title="bbox 68 2076 1123 2160; baseline 0.002 -20"><span class='ocrx_word' id='word_1_167' title='bbox 68 2090 85 2140; x_wconf 86' lang='lat'>8</span> <span class='ocrx_word' id='word_1_168' title='bbox 192 2077 441 2140; x_wconf 89' lang='lat' dir='ltr'><strong>Medicamentum</strong></span> <span class='ocrx_word' id='word_1_169' title='bbox 459 2079 568 2138; x_wconf 91' lang='lat' dir='ltr'><strong>mirum</strong></span> <span class='ocrx_word' id='word_1_170' title='bbox 588 2077 623 2138; x_wconf 94' lang='lat' dir='ltr'><strong>ad</strong></span> <span class='ocrx_word' id='word_1_171' title='bbox 643 2076 769 2157; x_wconf 90' lang='lat' dir='ltr'><strong>cyliacos</strong></span> <span class='ocrx_word' id='word_1_172' title='bbox 788 2085 818 2137; x_wconf 88' lang='lat' dir='ltr'><strong>et</strong></span> <span class='ocrx_word' id='word_1_173' title='bbox 837 2095 873 2138; x_wconf 83' lang='lat' dir='ltr'><strong>ex</strong></span> <span class='ocrx_word' id='word_1_174' title='bbox 893 2077 1041 2140; x_wconf 90' lang='lat' dir='ltr'><strong>cruditate</strong></span> <span class='ocrx_word' id='word_1_175' title='bbox 1056 2099 1123 2160; x_wconf 83' lang='lat' dir='ltr'><strong>gra-</strong></span> 
     </span>
     <span class='ocr_line' id='line_1_23' title="bbox 104 2166 1124 2246; baseline 0.006 -20"><span class='ocrx_word' id='word_1_176' title='bbox 104 2168 225 2228; x_wconf 90' lang='lat' dir='ltr'><strong>vedines</strong></span> <span class='ocrx_word' id='word_1_177' title='bbox 249 2167 425 2245; x_wconf 89' lang='lat' dir='ltr'><strong>doloresque</strong></span> <span class='ocrx_word' id='word_1_178' title='bbox 449 2166 609 2228; x_wconf 90' lang='lat' dir='ltr'><strong>cuiuslibet</strong></span> <span class='ocrx_word' id='word_1_179' title='bbox 626 2169 720 2246; x_wconf 92' lang='lat' dir='ltr'><strong>partis</strong></span> <span class='ocrx_word' id='word_1_180' title='bbox 739 2168 770 2226; x_wconf 91' lang='lat' dir='ltr'><strong>in</strong></span> <span class='ocrx_word' id='word_1_181' title='bbox 790 2184 914 2245; x_wconf 89' lang='lat' dir='ltr'><strong>corpore</strong></span> <span class='ocrx_word' id='word_1_182' title='bbox 934 2169 1124 2232; x_wconf 89' lang='lat' dir='ltr'><strong>sustinentes</strong></span> 
     </span>
     <span class='ocr_line' id='line_1_24' title="bbox 104 2253 1122 2320; baseline 0.005 -5"><span class='ocrx_word' id='word_1_183' title='bbox 104 2274 159 2316; x_wconf 94' lang='lat' dir='ltr'><strong>nec</strong></span> <span class='ocrx_word' id='word_1_184' title='bbox 187 2257 286 2315; x_wconf 91' lang='lat' dir='ltr'><strong>minus</strong></span> <span class='ocrx_word' id='word_1_185' title='bbox 314 2255 350 2314; x_wconf 94' lang='lat' dir='ltr'><strong>ad</strong></span> <span class='ocrx_word' id='word_1_186' title='bbox 378 2253 533 2316; x_wconf 90' lang='lat' dir='ltr'><strong>oculorum</strong></span> <span class='ocrx_word' id='word_1_187' title='bbox 563 2255 634 2316; x_wconf 92' lang='lat' dir='ltr'><strong>facit</strong></span> <span class='ocrx_word' id='word_1_188' title='bbox 661 2262 691 2315; x_wconf 91' lang='lat' dir='ltr'><strong>et</strong></span> <span class='ocrx_word' id='word_1_189' title='bbox 718 2256 836 2315; x_wconf 90' lang='lat' dir='ltr'><strong>renium</strong></span> <span class='ocrx_word' id='word_1_190' title='bbox 859 2255 991 2315; x_wconf 90' lang='lat' dir='ltr'><strong>dolorem</strong></span> <span class='ocrx_word' id='word_1_191' title='bbox 1015 2274 1122 2320; x_wconf 90' lang='lat' dir='ltr'><strong>arcen-</strong></span> 
     </span>
     <span class='ocr_line' id='line_1_25' title="bbox 106 2341 1121 2420; baseline 0.005 -18"><span class='ocrx_word' id='word_1_192' title='bbox 106 2344 177 2402; x_wconf 91' lang='lat' dir='ltr'><strong>dum</strong></span> <span class='ocrx_word' id='word_1_193' title='bbox 201 2352 231 2402; x_wconf 92' lang='lat' dir='ltr'><strong>et</strong></span> <span class='ocrx_word' id='word_1_194' title='bbox 254 2342 290 2401; x_wconf 91' lang='lat' dir='ltr'><strong>ad</strong></span> <span class='ocrx_word' id='word_1_195' title='bbox 313 2341 443 2403; x_wconf 92' lang='lat' dir='ltr'><strong>scabiem</strong></span> <span class='ocrx_word' id='word_1_196' title='bbox 466 2345 596 2403; x_wconf 91' lang='lat' dir='ltr'><strong>vessicae</strong></span> <span class='ocrx_word' id='word_1_197' title='bbox 620 2350 650 2403; x_wconf 89' lang='lat' dir='ltr'><strong>et</strong></span> <span class='ocrx_word' id='word_1_198' title='bbox 673 2343 709 2402; x_wconf 93' lang='lat' dir='ltr'><strong>ad</strong></span> <span class='ocrx_word' id='word_1_199' title='bbox 732 2345 872 2403; x_wconf 90' lang='lat' dir='ltr'><strong>iocineris</strong></span> <span class='ocrx_word' id='word_1_200' title='bbox 896 2343 1045 2420; x_wconf 90' lang='lat' dir='ltr'><strong>duritiam,</strong></span> <span class='ocrx_word' id='word_1_201' title='bbox 1071 2365 1121 2408; x_wconf 83' lang='lat' dir='ltr'><strong>ex-</strong></span> 
     </span>
     <span class='ocr_line' id='line_1_26' title="bbox 106 2430 1160 2513; baseline 0.008 -25"><span class='ocrx_word' id='word_1_202' title='bbox 106 2431 198 2489; x_wconf 91' lang='lat' dir='ltr'><strong>siccat</strong></span> <span class='ocrx_word' id='word_1_203' title='bbox 229 2431 309 2489; x_wconf 87' lang='lat' dir='ltr'><strong>enim</strong></span> <span class='ocrx_word' id='word_1_204' title='bbox 342 2447 465 2511; x_wconf 75' lang='lat' dir='ltr'><strong>corpus,</strong></span> <span class='ocrx_word' id='word_1_205' title='bbox 496 2430 620 2508; x_wconf 91' lang='lat' dir='ltr'><strong>prodest</strong></span> <span class='ocrx_word' id='word_1_206' title='bbox 652 2438 683 2490; x_wconf 92' lang='lat' dir='ltr'><strong>et</strong></span> <span class='ocrx_word' id='word_1_207' title='bbox 709 2430 746 2490; x_wconf 92' lang='lat' dir='ltr'><strong>ad</strong></span> <span class='ocrx_word' id='word_1_208' title='bbox 774 2434 895 2513; x_wconf 88' lang='lat' dir='ltr'><strong>arteria;</strong></span> <span class='ocrx_word' id='word_1_209' title='bbox 927 2433 1059 2512; x_wconf 87' lang='lat' dir='ltr'><strong>denique</strong></span> <span class='ocrx_word' id='word_1_210' title='bbox 1088 2438 1160 2497; x_wconf 81' lang='lat' dir='ltr'><strong>inas</strong></span> 
     </span>
     <span class='ocr_line' id='line_1_27' title="bbox 103 2515 1120 2586; baseline 0.009 -10"><span class='ocrx_word' id='word_1_211' title='bbox 103 2516 241 2577; x_wconf 90' lang='lat' dir='ltr'><strong>omnibus</strong></span> <span class='ocrx_word' id='word_1_212' title='bbox 269 2515 472 2578; x_wconf 90' lang='lat' dir='ltr'><strong>laborantibus</strong></span> <span class='ocrx_word' id='word_1_213' title='bbox 500 2518 618 2579; x_wconf 87' lang='lat' dir='ltr'><strong>adiuvat</strong></span> <span class='ocrx_word' id='word_1_214' title='bbox 646 2526 676 2578; x_wconf 88' lang='lat' dir='ltr'><strong>et</strong></span> <span class='ocrx_word' id='word_1_215' title='bbox 703 2523 912 2581; x_wconf 91' lang='lat' dir='ltr'><strong>concoctiones</strong></span> <span class='ocrx_word' id='word_1_216' title='bbox 940 2529 970 2581; x_wconf 88' lang='lat' dir='ltr'><strong>et</strong></span> <span class='ocrx_word' id='word_1_217' title='bbox 998 2524 1120 2586; x_wconf 88' lang='lat' dir='ltr'><strong>urinam</strong></span> 
     </span>
     <span class='ocr_line' id='line_1_28' title="bbox 102 2603 1121 2697; baseline 0.008 -31"><span class='ocrx_word' id='word_1_218' title='bbox 102 2613 209 2685; x_wconf 86' lang='lat' dir='ltr'><strong>movet,</strong></span> <span class='ocrx_word' id='word_1_219' title='bbox 229 2603 386 2665; x_wconf 89' lang='lat' dir='ltr'><strong>conficitur</strong></span> <span class='ocrx_word' id='word_1_220' title='bbox 406 2607 462 2667; x_wconf 90' lang='lat' dir='ltr'><strong>sic:</strong></span> <span class='ocrx_word' id='word_1_221' title='bbox 481 2606 572 2668; x_wconf 92' lang='lat' dir='ltr'><strong>Nardi</strong></span> <span class='ocrx_word' id='word_1_222' title='bbox 592 2606 738 2689; x_wconf 81' lang='lat' dir='ltr'><strong>Syriacae,</strong></span> <span class='ocrx_word' id='word_1_223' title='bbox 757 2611 846 2689; x_wconf 90' lang='lat' dir='ltr'><strong>croci,</strong></span> <span class='ocrx_word' id='word_1_224' title='bbox 865 2628 990 2690; x_wconf 91' lang='lat' dir='ltr'><strong>myrrae,</strong></span> <span class='ocrx_word' id='word_1_225' title='bbox 1010 2615 1121 2697; x_wconf 91' lang='lat' dir='ltr'><strong>casiae,</strong></span> 
     </span>
     <span class='ocr_line' id='line_1_29' title="bbox 102 2695 1119 2780; baseline 0.007 -25"><span class='ocrx_word' id='word_1_226' title='bbox 102 2695 187 2775; x_wconf 91' lang='lat' dir='ltr'><strong>costi,</strong></span> <span class='ocrx_word' id='word_1_227' title='bbox 210 2695 348 2774; x_wconf 90' lang='lat' dir='ltr'><strong>cinnami,</strong></span> <span class='ocrx_word' id='word_1_228' title='bbox 371 2698 507 2776; x_wconf 90' lang='lat' dir='ltr'><strong>castorei,</strong></span> <span class='ocrx_word' id='word_1_229' title='bbox 531 2696 651 2758; x_wconf 90' lang='lat' dir='ltr'><strong>schoeni</strong></span> <span class='ocrx_word' id='word_1_230' title='bbox 673 2696 764 2778; x_wconf 88' lang='lat' dir='ltr'><strong>floris,</strong></span> <span class='ocrx_word' id='word_1_231' title='bbox 783 2699 895 2777; x_wconf 92' lang='lat' dir='ltr'><strong>piperis</strong></span> <span class='ocrx_word' id='word_1_232' title='bbox 915 2697 982 2778; x_wconf 91' lang='lat' dir='ltr'><strong>albi,</strong></span> <span class='ocrx_word' id='word_1_233' title='bbox 1001 2702 1119 2780; x_wconf 90' lang='lat' dir='ltr'><strong>piperis</strong></span> 
     </span>
     <span class='ocr_line' id='line_1_30' title="bbox 102 2782 1119 2868; baseline 0.009 -26"><span class='ocrx_word' id='word_1_234' title='bbox 102 2783 195 2865; x_wconf 85' lang='lat' dir='ltr'><strong>longi,</strong></span> <span class='ocrx_word' id='word_1_235' title='bbox 219 2782 348 2864; x_wconf 81' lang='lat' dir='ltr'><strong>galbani,</strong></span> <span class='ocrx_word' id='word_1_236' title='bbox 371 2786 487 2846; x_wconf 90' lang='lat' dir='ltr'><strong>resinae</strong></span> <span class='ocrx_word' id='word_1_237' title='bbox 511 2784 738 2867; x_wconf 89' lang='lat' dir='ltr'><strong>terebinthinae,</strong></span> <span class='ocrx_word' id='word_1_238' title='bbox 762 2789 896 2868; x_wconf 89' lang='lat' dir='ltr'><strong>storacis,</strong></span> <span class='ocrx_word' id='word_1_239' title='bbox 920 2789 989 2868; x_wconf 92' lang='lat' dir='ltr'><strong>opii,</strong></span> <span class='ocrx_word' id='word_1_240' title='bbox 1014 2791 1119 2868; x_wconf 80' lang='lat' dir='ltr'><strong>singu·</strong></span> 
     </span>
     <span class='ocr_line' id='line_1_31' title="bbox 100 2871 1159 2960; baseline 0.008 -28"><span class='ocrx_word' id='word_1_241' title='bbox 100 2871 198 2933; x_wconf 93' lang='lat' dir='ltr'><strong>lorum</strong></span> <span class='ocrx_word' id='word_1_242' title='bbox 221 2873 246 2933; x_wconf 83' lang='lat' dir='ltr'><strong>ll</strong></span> <span class='ocrx_word' id='word_1_243' title='bbox 271 2880 461 2956; x_wconf 90' lang='lat' dir='ltr'><strong>quarternos,</strong></span> <span class='ocrx_word' id='word_1_244' title='bbox 489 2875 593 2936; x_wconf 89' lang='lat' dir='ltr'><strong>alterci</strong></span> <span class='ocrx_word' id='word_1_245' title='bbox 616 2878 750 2956; x_wconf 92' lang='lat' dir='ltr'><strong>seminis,</strong></span> <span class='ocrx_word' id='word_1_246' title='bbox 778 2877 873 2955; x_wconf 91' lang='lat' dir='ltr'><strong>anesi,</strong></span> <span class='ocrx_word' id='word_1_247' title='bbox 899 2877 958 2954; x_wconf 90' lang='lat' dir='ltr'><strong>apii</strong></span> <span class='ocrx_word' id='word_1_248' title='bbox 981 2879 1159 2960; x_wconf 65' lang='lat' dir='ltr'><strong>seminique</strong></span> 
     </span>
     <span class='ocr_line' id='line_1_32' title="bbox 101 2961 1117 3046; baseline 0.008 -25"><span class='ocrx_word' id='word_1_249' title='bbox 101 2962 285 3039; x_wconf 83' lang='lat' dir='ltr'><strong>singulorum</strong></span> <span class='ocrx_word' id='word_1_250' title='bbox 305 2961 331 3022; x_wconf 69' lang='lat' dir='ltr'>X</span> <span class='ocrx_word' id='word_1_251' title='bbox 350 2966 467 3046; x_wconf 92' lang='lat' dir='ltr'><strong>quinos,</strong></span> <span class='ocrx_word' id='word_1_252' title='bbox 486 2965 669 3044; x_wconf 83' lang='lat' dir='ltr'><strong>tragacantbi</strong></span> <span class='ocrx_word' id='word_1_253' title='bbox 688 2964 773 3046; x_wconf 80' lang='lat' dir='ltr'><strong>ilVl,</strong></span> <span class='ocrx_word' id='word_1_254' title='bbox 791 2963 896 3044; x_wconf 92' lang='lat' dir='ltr'><strong>mellis,</strong></span> <span class='ocrx_word' id='word_1_255' title='bbox 915 2965 976 3024; x_wconf 90' lang='lat' dir='ltr'><strong>vini</strong></span> <span class='ocrx_word' id='word_1_256' title='bbox 994 2963 1117 3029; x_wconf 85' lang='lat' dir='ltr'><strong>Falerni</strong></span> 
     </span>
    </p>
   </div>
   <div class='ocr_carea' id='block_1_3' title="bbox 96 3151 1117 3558">
    <p class='ocr_par' dir='ltr' id='par_1_3' title="bbox 96 3151 1117 3558">
     <span class='ocr_line' id='line_1_33' title="bbox 189 3151 1117 3220; baseline 0.008 -16"><span class='ocrx_word' id='word_1_257' title='bbox 189 3151 458 3220; x_wconf 68' lang='lat' dir='ltr'><strong>dcythe...rieem</strong></span> <span class='ocrx_word' id='word_1_258' title='bbox 496 3151 587 3205; x_wconf 89' lang='lat' dir='ltr'><strong>ienam</strong></span> <span class='ocrx_word' id='word_1_259' title='bbox 605 3152 676 3220; x_wconf 80' lang='lat' dir='ltr'><strong>(aie).</strong></span> <span class='ocrx_word' id='word_1_260' title='bbox 752 3151 927 3208; x_wconf 75' lang='lat' dir='ltr'><strong>labellana.</strong></span> <span class='ocrx_word' id='word_1_261' title='bbox 1008 3153 1117 3212; x_wconf 77' lang='lat' dir='ltr'><strong>dduc-</strong></span> 
     </span>
     <span class='ocr_line' id='line_1_34' title="bbox 99 3219 1116 3294; baseline 0.009 -20"><span class='ocrx_word' id='word_1_262' title='bbox 99 3219 264 3275; x_wconf 86' lang='lat' dir='ltr'><strong>deoatheon.</strong></span> <span class='ocrx_word' id='word_1_263' title='bbox 355 3221 473 3276; x_wconf 86' lang='lat' dir='ltr'><strong>8inbic&#39;</strong></span> <span class='ocrx_word' id='word_1_264' title='bbox 498 3223 605 3276; x_wconf 86' lang='lat' dir='ltr'><strong>itatem.</strong></span> <span class='ocrx_word' id='word_1_265' title='bbox 696 3221 862 3278; x_wconf 76' lang='lat' dir='ltr'><strong>elienosus.</strong></span> <span class='ocrx_word' id='word_1_266' title='bbox 952 3223 1116 3294; x_wconf 81' lang='lat' dir='ltr'><strong>ydropicus.</strong></span> 
     </span>
     <span class='ocr_line' id='line_1_35' title="bbox 100 3290 1115 3362; baseline 0.01 -20"><span class='ocrx_word' id='word_1_267' title='bbox 100 3295 133 3343; x_wconf 93' lang='lat'><strong>10</strong></span> <span class='ocrx_word' id='word_1_268' title='bbox 153 3290 356 3345; x_wconf 83' lang='lat' dir='ltr'><strong>difficultatem.</strong></span> <span class='ocrx_word' id='word_1_269' title='bbox 464 3293 614 3361; x_wconf 86' lang='lat' dir='ltr'><strong>crapulam.</strong></span> <span class='ocrx_word' id='word_1_270' title='bbox 716 3297 748 3345; x_wconf 91' lang='lat'><strong>11</strong></span> <span class='ocrx_word' id='word_1_271' title='bbox 768 3296 844 3362; x_wconf 87' lang='lat' dir='ltr'><strong>poto.</strong></span> <span class='ocrx_word' id='word_1_272' title='bbox 948 3295 1115 3354; x_wconf 79' lang='lat' dir='ltr'><strong>stomachis.</strong></span> 
     </span>
     <span class='ocr_line' id='line_1_36' title="bbox 98 3359 1116 3436; baseline 0.011 -23"><span class='ocrx_word' id='word_1_273' title='bbox 98 3359 236 3419; x_wconf 76' lang='lat' dir='ltr'><strong>aedicto.</strong></span> <span class='ocrx_word' id='word_1_274' title='bbox 315 3366 348 3415; x_wconf 81' lang='lat'><strong>25</strong></span> <span class='ocrx_word' id='word_1_275' title='bbox 368 3361 499 3417; x_wconf 80' lang='lat' dir='ltr'><strong>arteriam</strong></span> <span class='ocrx_word' id='word_1_276' title='bbox 520 3361 679 3418; x_wconf 74' lang='lat' dir='ltr'><strong>Carnarius.</strong></span> <span class='ocrx_word' id='word_1_277' title='bbox 753 3369 787 3418; x_wconf 82' lang='lat'><strong>26</strong></span> <span class='ocrx_word' id='word_1_278' title='bbox 809 3364 976 3420; x_wconf 86' lang='lat' dir='ltr'><strong>laborantes.</strong></span> <span class='ocrx_word' id='word_1_279' title='bbox 1045 3375 1116 3436; x_wconf 80' lang='lat' dir='ltr'><strong>post</strong></span> 
     </span>
     <span class='ocr_line' id='line_1_37' title="bbox 96 3431 1114 3494; baseline 0.011 -12"><span class='ocrx_word' id='word_1_280' title='bbox 96 3431 290 3486; x_wconf 86' lang='lat' dir='ltr'><strong>concoctiones</strong></span> <span class='ocrx_word' id='word_1_281' title='bbox 310 3432 374 3486; x_wconf 87' lang='lat' dir='ltr'><strong>odd.</strong></span> <span class='ocrx_word' id='word_1_282' title='bbox 393 3433 527 3490; x_wconf 78' lang='lat' dir='ltr'><strong>removet</strong></span> <span class='ocrx_word' id='word_1_283' title='bbox 601 3438 635 3488; x_wconf 83' lang='lat'><strong>28</strong></span> <span class='ocrx_word' id='word_1_284' title='bbox 655 3432 756 3488; x_wconf 87' lang='lat' dir='ltr'><strong>scoeni.</strong></span> <span class='ocrx_word' id='word_1_285' title='bbox 830 3434 920 3491; x_wconf 88' lang='lat' dir='ltr'><strong>flores.</strong></span> <span class='ocrx_word' id='word_1_286' title='bbox 983 3440 1018 3490; x_wconf 84' lang='lat' dir='ltr'><strong>ae</strong></span> <span class='ocrx_word' id='word_1_287' title='bbox 1038 3440 1114 3494; x_wconf 88' lang='lat' dir='ltr'><strong>tere-</strong></span> 
     </span>
     <span class='ocr_line' id='line_1_38' title="bbox 109 3499 468 3558; baseline 0.014 -5"><span class='ocrx_word' id='word_1_288' title='bbox 109 3499 230 3556; x_wconf 86' lang='lat' dir='ltr'><strong>·dntinae.</strong></span> <span class='ocrx_word' id='word_1_289' title='bbox 303 3500 468 3558; x_wconf 73' lang='lat' dir='ltr'><strong>sthorachio</strong></span> 
     </span>
    </p>
   </div>
   <div class='ocr_carea' id='block_1_4' title="bbox 0 0 1224 3802">
    <p class='ocr_par' dir='ltr' id='par_1_4' title="bbox 0 0 1224 3802">
     <span class='ocr_line' id='line_1_39' title="bbox 0 0 1224 3802; baseline 0 3"><span class='ocrx_word' id='word_1_290' title='bbox 0 0 1224 3802; x_wconf 95' lang='lat' dir='ltr'><strong> </strong></span> 
     </span>
    </p>
   </div>
  </div>
 </body>
</html>
