2438 3802
509 12 702 77 ,6-

97 194 172 257 quae
188 184 302 256 septem
320 176 366 237 vel
385 175 529 257 plusculis
544 174 651 236 diebus
666 185 843 238 maceratur.
866 175 909 236 De
924 194 985 256 qrro
999 176 1113 257 liquore

97 265 287 346 postmodum
315 268 460 345 coagitato
489 272 577 344 atque
606 263 701 325 colato
731 264 832 344 tepido
862 264 1001 327 heminae
1031 265 1113 329 dimi-

98 354 180 417 dium
204 363 255 417 aut
278 355 451 435 ampliorem
475 354 596 414 modum
615 355 795 432 gargarizari
813 361 934 433 oportet
952 354 1002 415 die
1021 354 1114 417 calido

99 444 144 505 vol
168 463 283 525 sereno,
306 447 347 505 ita
370 452 403 504 ut
426 445 598 522 resupinato
623 460 675 502 ore
698 441 836 504 faucibus
856 442 957 522 liquor
975 442 1027 504 ille
1047 462 1116 506 con·

99 536 228 595 tinoatnr
256 531 470 611 aliquantulum
499 539 528 592 et
556 533 685 609 agitetur
712 531 825 592 alterna
848 533 913 592 vice
936 532 1031 612 idque
1054 548 1138 595 sae-o

98 626 165 701 pius
194 624 257 703 llat,
285 621 380 681 donec
407 620 544 680 heminae
572 619 727 680 dimidium
758 627 953 681 consumatur
976 620 1025 682 vel
1048 640 1116 684 cum

98 710 234 789 llegmate
253 711 425 788 proiciatur.
450 708 508 769 Sed
527 708 600 769 haec
619 710 719 769 ieiuno
738 708 905 771 adhibenda
923 712 1043 771 curatio
1062 719 1115 791 est,

98 816 155 877 qua
179 798 259 858 nulla
279 799 369 877 capiti
387 797 480 858 levior
499 804 550 857 aut
569 797 753 859 commodior
770 800 948 878 reperietur.
986 797 1053 860 Hoc
1071 818 1115 861 re·

98 886 228 947 medium
258 888 310 966 qui
336 887 501 965 neglexerit
529 893 558 946 et
582 886 700 946 indiciis
724 904 814 966 supra
838 889 959 966 scriptis
983 906 1046 949 non
1069 907 1116 950 oc·

98 976 236 1057 currerit,
260 993 382 1036 necesse
406 983 452 1036 est
475 977 584 1036 sentiat
606 983 657 1035 aut
679 975 835 1037 oculorum
853 977 924 1036 vitia
941 984 996 1038 aut
1013 976 1149 1039 ulcerare

98 1068 179 1127 lutus
202 1064 325 1126 auribus
349 1066 535 1145 erumpentia
557 1072 608 1125 aut
627 1072 756 1125 strumas
775 1067 807 1125 in
826 1064 955 1125 confinio
976 1065 1048 1127 colli
1066 1076 1117 1128 aut

98 1154 202 1233 pulsus
226 1154 344 1216 cerebri
366 1162 418 1216 aut
440 1155 663 1215 suffocationem
683 1160 734 1213 aut
754 1156 834 1215 circa
852 1160 957 1232 guttur
976 1157 1116 1233 anginam

98 1252 149 1305 aut
168 1263 241 1306 uvae
261 1243 498 1319 destillationem,
518 1240 670 1321 glandulas
690 1260 809 1322 quoque
824 1244 956 1321 patietur
969 1252 1002 1304 ct
1016 1243 1116 1305 tabem

98 1332 255 1395 fluentium
275 1333 449 1413 capillorum
468 1341 499 1393 et
517 1332 618 1392 ulcera
636 1349 690 1410 per
712 1340 802 1410 caput
820 1331 1047 1393 effervescentia
1065 1332 1117 1394 do·

63 1420 251 1502 oloremque
275 1423 408 1483 dentium
432 1421 621 1482 creberrime.
647 1419 732 1491 Quod
756 1422 781 1481 si
805 1438 821 1480 a
843 1427 966 1498 pectore
990 1420 1152 1484 morbusrs

99 1512 237 1591 minatur,
261 1512 312 1589 qui
336 1528 401 1570 esse
425 1508 551 1586 simplex
573 1518 603 1569 et
626 1526 687 1569 non
706 1507 938 1570 violentissimos
957 1508 1044 1592 solet,
1067 1510 1116 1573 his

98 1599 300 1677 praesentitur
318 1597 444 1657 indiciis
475 1597 609 1657 Primum
628 1599 760 1676 pectoris
779 1598 871 1658 sudor
884 1599 1010 1659 intimus
1025 1607 1117 1661 testa·

99 1697 148 1747 tur
171 1694 286 1746 aestum
310 1685 454 1746 stomachi
477 1685 651 1767 laborantis,
676 1686 760 1765 splen
779 1689 837 1747 erit
857 1688 942 1766 quasi
961 1687 1118 1750 distensus

99 1784 129 1835 et
144 1776 286 1855 eminens,
302 1782 488 1853 sputamenta
503 1773 604 1855 fellita,
619 1777 755 1854 scapulae
771 1794 839 1836 cum
853 1773 998 1836 lateribus
1013 1795 1116 1856 grava·

99 1862 211 1926 huntur
239 1872 269 1926 et
296 1864 447 1944 inproviso
476 1864 577 1927 dolore
605 1873 805 1944 marcescent,
836 1864 978 1925 adsiduae
1007 1868 1155 1927 oscito-so

99 1955 196 2016 tiones
219 1973 272 2015 ora
295 1953 449 2036 diduceut,
473 1958 651 2035 inportunae
675 1953 791 2033 vigiliae
815 1970 935 2015 somnos
958 1953 1119 2037 fugabunt,

100 2052 213 2105 artatus
237 2045 360 2122 spiritus
385 2046 435 2104 siti
459 2052 605 2105 nocturna
625 2045 750 2104 maxime
769 2042 948 2122 inardescet,
972 2060 1117 2123 experge-

99 2131 185 2191 factis
208 2149 293 2191 mens
317 2133 374 2191 erit
393 2134 488 2191 tristis
507 2138 537 2192 et
552 2130 661 2211 nubila,
676 2139 745 2210 post
760 2150 899 2211 soporem
913 2133 1005 2192 totius
1019 2150 1117 2210 paene

100 2221 234 2297 corporis
257 2218 370 2300 pulsus,
394 2226 506 2280 tremor
529 2221 560 2279 in
583 2219 713 2281 brachiis
736 2221 782 2281 vel
805 2223 836 2281 in
860 2218 1011 2301 manibus,
1036 2223 1117 2283 sicca

100 2309 189 2366 etiam
212 2309 303 2367 tussis
327 2309 440 2386 quatiet
460 2308 619 2369 infirmum.
655 2307 708 2370 His
727 2312 819 2387 igitur
839 2312 989 2389 sapienter
1008 2327 1115 2371 occur·
1129 2322 1154 2365 so

100 2397 186 2475 ritur,
210 2398 236 2456 si
259 2396 444 2457 consuetudo
467 2398 517 2457 fiat
541 2399 605 2457 siue
628 2397 688 2459 ullo
707 2398 902 2459 medicamine
921 2404 990 2475 post
1009 2416 1117 2459 cenam

100 2483 245 2544 vomendi.
287 2483 364 2545 Utile
393 2493 491 2546 autem
515 2494 560 2546 est
583 2489 672 2547 etiam
695 2489 829 2548 ieiunum
856 2504 990 2566 vomere,
1021 2490 1117 2568 magis

100 2574 180 2633 enim
198 2591 285 2633 umor
304 2575 419 2654 noxius,
439 2576 490 2653 qui
509 2576 660 2635 stomacho
680 2576 825 2655 insiderit,
840 2578 980 2653 egeritur.
1009 2574 1116 2656 ltaque

100 2664 153 2741 qui
175 2680 260 2722 mane
284 2664 450 2724 vomiturus
474 2671 532 2744 est,
561 2664 649 2725 debet
676 2665 845 2724 minutatim
873 2665 968 2725 sulani
995 2665 1116 2727 radices

100 2751 279 2813 manducare
294 2769 403 2832 easque
418 2751 462 2813 vel
478 2772 583 2814 sucum
598 2771 700 2814 earnm
715 2755 926 2834 transmittere,
941 2752 1117 2816 cardamum
1129 2768 1156 2810 ao

100 2860 228 2923 quoque,
246 2841 275 2902 id
291 2851 337 2903 est
351 2845 545 2925 nasturcium,
560 2843 612 2904 sed
627 2853 657 2905 et
671 2845 767 2922 sinapi
786 2851 815 2903 et
830 2861 950 2903 erucam
969 2841 1116 2905 devorare

101 2941 131 2992 et
153 2949 260 3012 aquam
284 2931 390 2993 deinde
413 2933 543 3011 tepidam
566 2931 761 3010 superbibere
789 2940 819 2992 et
848 2931 940 3009 digito
968 2934 1117 2993 vomitum

100 3039 271 3099 provocare.
305 3020 363 3091 Qui
386 3024 442 3082 ista
461 3021 684 3100 contempserit,
707 3021 766 3080 erit
788 3019 835 3080 his
854 3020 1000 3081 obnoxius
1019 3022 1116 3084 vitiis:

173 3176 253 3230 lvsl
271 3189 322 3228 om.
395 3171 534 3239 itepide.
598 3172 714 3227 eminae.
780 3174 945 3242 templius.
1013 3172 1115 3230 'lflso-

99 3245 182 3299 mate.
265 3249 300 3300 20
319 3242 487 3296 marcisoent
506 3247 555 3296 lm
572 3245 746 3299 marcescent
764 3247 822 3299 2m.
909 3248 943 3298 21
962 3243 1114 3299 deducunt.

101 3317 135 3364 22
155 3315 203 3369 siti
221 3321 270 3370 lm
288 3312 350 3368 sitis
369 3317 427 3368 2m.
488 3312 648 3368 inardescit.
716 3320 750 3369 28
769 3330 850 3368 umor
867 3321 883 3369 1
889 3332 916 3369 m
934 3315 1035 3368 humor
1053 3321 1115 3372 2m.

101 3380 230 3440 insiderit
247 3392 297 3440 lm
314 3380 451 3438 insederit
467 3386 526 3439 2m.
599 3390 632 3439 31
653 3387 758 3456 sinape.
