2438 3802
516 151 756 214 -174-

75 322 108 372 25
217 311 300 373 Alter
318 311 453 391 pastillus
468 311 504 372 ad
520 313 673 390 sanguinis
688 314 874 390 eruptionem
889 311 1014 372 mirifice
1029 312 1143 372 faciens

129 403 237 480 achpit
259 401 343 462 haec:
378 400 575 477 Tragacanthi
598 399 623 459 Χ
648 399 737 480 Vllll,
764 399 878 460 Samiae
907 408 1005 461 cretae
1031 399 1057 458 Χ
1082 400 1142 479 Vll,

128 497 212 551 rutae
237 489 376 550 Ponticae
400 488 426 549 Χ
445 488 534 568 VIIII,
565 488 765 568 glycyrrhizae
793 491 858 549 suci
881 488 906 549 Χ
926 488 961 567 V,
991 489 1142 568 symphyti

128 581 194 639 suci
217 577 242 638 Χ
262 578 321 658 Vll,
345 579 472 655 gummis
496 576 602 656 lillll,
625 577 827 656 hypocistidos
852 579 916 638 suoi
934 575 960 636 Χ
980 576 1039 657 Vll,
1063 580 1141 638 turis

128 666 153 727 Χ
172 667 209 748 V,
237 667 375 727 aluminis
403 665 506 744 quuIdi
531 664 557 724 Χ
576 665 612 745 Χ,
640 668 701 744 opii
725 665 750 726 Χ
769 665 800 746 Χ,
828 665 915 744 amyli
939 665 964 724 Χ
984 664 1033 745 VI,
1062 684 1168 745 myra

127 773 177 815 rae
205 754 230 814 Χ
254 754 290 835 V,
318 755 400 814 croci
428 752 539 834 lIVll,
571 754 748 833 plantaginis
777 756 842 815 suci
870 753 895 814 Χ
924 753 964 813 Ill
997 761 1027 814 et
1058 758 1140 833 passi

126 842 243 921 Myconi
267 842 346 920 quod
371 844 442 902 satis
466 844 524 902 erit
546 844 626 903 tritis
648 842 805 921 diligenter
825 861 914 922 supra
934 843 1054 920 scriptis
1074 861 1139 921 spe-

126 929 230 990 ciebus
254 930 438 1011 miscebitur,
461 932 534 991 lient
556 931 665 1010 pastilli
688 931 724 991 ad
744 932 880 992 denarios
900 930 1033 1009 singulos
1053 939 1083 991 et
1103 932 1138 992 ad

126 1021 275 1099 semisses,
299 1021 351 1098 qui
373 1037 427 1098 pro
452 1027 545 1080 aetate
565 1028 616 1080 aut
635 1019 748 1080 viribus
767 1021 878 1080 intirmi
896 1038 932 1080 ex
952 1038 1044 1097 aquae
1063 1023 1138 1098 tepi-

126 1107 179 1168 dae
203 1108 316 1187 cyathis
339 1107 436 1168 tribus
459 1110 559 1168 ieiuno
584 1107 741 1168 dabuntur.
1153 1129 1179 1167 ιο

72 1206 106 1255 aa
215 1197 259 1256 nd
282 1199 475 1257 reiectionem
499 1198 650 1276 sanguinis
678 1214 713 1256 ex
742 1214 794 1256 ore
819 1198 966 1256 manantis
990 1197 1139 1276 symphyti

125 1285 209 1346 radix
237 1287 269 1346 iu
296 1288 363 1346 vino
392 1285 514 1347 decocta
538 1285 698 1346 salubriter
723 1284 849 1366 bibitur,
875 1282 995 1362 ligustri
1018 1303 1138 1364 quoque

125 1391 230 1435 sucum
258 1377 358 1435 ieiuno
381 1394 436 1453 per
464 1375 596 1436 triduum
625 1374 706 1454 dato,
735 1375 834 1434 statim
863 1372 1034 1453 subvenies3
1061 1392 1137 1452 qnae

72 1473 105 1521 27
125 1481 173 1523 res
198 1472 227 1523 et
250 1465 422 1524 torminosis
446 1471 475 1523 et
499 1463 686 1542 dysIntericis
710 1470 756 1522 est
779 1460 915 1522 salubris.
948 1460 981 1521 Si
1004 1479 1038 1521 ex
1064 1481 1136 1540 quo·

125 1570 252 1630 cumque
285 1554 419 1630 corporis
451 1552 516 1611 loco
549 1553 668 1630 sanguis
696 1569 750 1629 per
778 1550 987 1612 abundantiam
1015 1552 1136 1611 nimiam
1152 1571 1177 1611 1o

124 1639 268 1700 exuberet
287 1648 317 1700 et
335 1640 416 1720 fluat,
436 1639 546 1700 herbae
566 1638 692 1699 Sabinae
711 1658 811 1719 sucus,
830 1646 958 1717 quantus
977 1638 1136 1720 videbitur,

123 1731 185 1789 slve
213 1728 316 1789 viridis
344 1731 405 1789 sive
435 1731 530 1788 siccae
561 1730 705 1789 contritae
737 1747 772 1788 ex
805 1729 872 1787 vino
904 1729 1002 1805 picato
1036 1736 1136 1789 vetere

123 1819 234 1895 optimo
262 1819 362 1877 ieiuno
391 1836 445 1896 per
477 1816 617 1878 triduum.
643 1816 774 1896 dabitur3
807 1815 922 1876 sanabit
949 1815 1022 1875 haec
1052 1819 1142 1894 potio·

123 1908 210 1966 etiam
235 1907 266 1965 in
289 1909 365 1966 vitae
389 1907 560 1967 discrimine
584 1907 788 1966 constitutum.
825 1904 909 1965 Facit
932 1912 1031 1965 autem
1050 1912 1080 1964 et
1099 1906 1134 1966 ad

122 1993 233 2054 colicos
262 2003 292 2054 et
319 1995 355 2055 ad
385 1995 595 2075 dysintericoS,
624 1993 732 2072 quibus
760 2001 859 2054 tamen
888 1992 1010 2067 decocta
1026 1993 1134 2055 datur.
1149 2015 1176 2054 oo

69 2092 103 2141 28
122 2081 179 2152 Qui
203 2081 302 2144 subito
326 2086 478 2162 sanguinis
501 2085 614 2144 vomitu
637 2082 765 2165 laborat,
793 2080 946 2143 corallium
974 2089 1134 2144 contusum

122 2181 152 2232 et
179 2173 211 2231 in
239 2171 391 2250 pulverem
418 2173 573 2233 redactum
601 2190 636 2232 ex
664 2173 783 2250 potione
807 2173 898 2231 mixta
922 2170 1015 2231 calida
1043 2170 1135 2232 bibat.

68 2269 101 2319 te
210 2259 254 2318 Ad
278 2262 420 2320 vomitum
447 2263 572 2320 nimium
598 2260 822 2338 reprimendum
846 2259 976 2339 sulpuris
1000 2261 1057 2319 vIvi
1081 2280 1133 2339 pu·

121 2347 219 2407 sillum
244 2355 274 2407 et
296 2365 432 2407 rasamen
456 2349 492 2408 de
516 2366 611 2408 cornu
634 2350 715 2408 cervi
737 2349 912 2410 tantundem
939 2350 971 2408 in
994 2366 1049 2408 ovo
1072 2367 1134 2408 sor·

67 2447 102 2495 30
120 2433 173 2494 bili
196 2436 301 2495 tritum
325 2444 354 2495 et
377 2439 556 2513 permixtum
580 2435 642 2496 bibi
665 2437 737 2496 utile
762 2445 815 2498 est.
861 2436 927 2516 His,
957 2438 1009 2516 qui
1032 2435 1132 2498 cibum
1146 2455 1173 2496 aa

120 2540 181 2582 non
205 2524 368 2604 continent,
391 2524 470 2583 aloes
494 2525 650 2585 minimum
673 2543 741 2584 oum
760 2525 867 2604 frigida
886 2544 960 2604 aqua
979 2527 1064 2604 potui
1083 2526 1133 2586 da·

66 2623 99 2671 31
120 2621 184 2671 tum
206 2610 368 2688 plurimum
392 2611 523 2690 prodest.
556 2611 758 2674 Personaceae
777 2613 887 2674 herbae
905 2614 987 2674 radix
1007 2623 1133 2675 contusa

120 2699 234 2760 adiecto
258 2700 375 2760 modico
399 2700 459 2761 sale
483 2709 513 2762 et
535 2703 603 2761 vino
626 2719 729 2779 sparsa
757 2711 786 2763 et
814 2701 935 2764 cottidie
958 2721 1065 2763 recens
1088 2706 1131 2762 iu·

119 2791 214 2867 posita
239 2807 329 2867 super
352 2797 500 2851 tumorem
524 2791 667 2851 stomachi
690 2793 819 2853 vomicas
844 2808 946 2850 omnes
969 2809 1024 2869 per
1044 2791 1131 2851 sudo-

66 2889 99 2938 aa
119 2895 183 2938 rem
207 2881 467 2958 emanationesque
491 2878 622 2941 occultas
645 2887 783 2959 potenter
807 2887 959 2958 expurgat.
995 2879 1130 2940 Mandra·
1145 2899 1171 2939 oo

118 2985 207 3046 gorae
231 2967 319 3048 drag,
342 2969 511 3049 hyoscyami
534 2970 718 3051 tantundem,
741 2970 918 3048 opopanacis
938 2967 1027 3049 idem,
1050 2972 1131 3029 croci

120 3055 212 3117 Siculi
240 3058 427 3139 tantundem,
459 3077 575 3138 myrrae
603 3067 699 3137 atque,
721 3059 797 3119 turis
826 3056 975 3138 similiter,
1002 3059 1131 3134 gummis

207 3227 403 3296 3olycerizoe.
496 3245 553 3297 sym
578 3227 639 3284 biti.
730 3227 845 3281 bverbo
869 3225 928 3297 opii
946 3224 973 3280 Χ
986 3225 1020 3294 V,
1044 3228 1131 3296 amyli

117 3295 205 3364 ΧΧΙ,
224 3314 334 3367 myrrae
353 3297 379 3350 Χ
394 3299 427 3364 Χ,
446 3301 520 3352 croci
578 3297 630 3352 VII
649 3313 707 3352 ome
786 3298 930 3353 Imiconi.
1016 3299 1129 3353 8fiant.

118 3373 150 3420 11
171 3369 315 3437 symphiti.
403 3373 436 3421 14
455 3368 637 3424 disentericis.
719 3373 753 3422 20
772 3367 958 3424 disintericos.
1032 3373 1066 3423 24
1085 3384 1130 3422 ro-

117 3437 227 3508 samen]
245 3437 368 3493 romenti
387 3438 546 3494 Oorooriue.
602 3443 636 3494 25
656 3441 700 3494 est
713 3443 777 3509 poet
795 3439 864 3494 utile
883 3456 933 3496 om.
984 3444 1018 3494 26
1037 3440 1128 3510 putul.

112 3513 146 3559 31
165 3508 333 3573 hyosciami.
