2438 3802
499 113 739 178 -184-

55 291 91 341 40
199 276 242 337 Ne
271 277 426 337 cicatrices
455 283 616 355 appareant
643 276 732 335 etiam
760 273 797 334 de
826 275 941 335 usturis
964 282 995 335 et
1018 282 1053 336 ut
1076 276 1131 356 pili

110 374 319 446 renascantur,
347 365 438 426 iacies
454 363 523 424 ¹tale
551 363 750 424 medicamen:
788 362 882 423 Calais
906 364 987 423 vivae
1016 397 1053 407 -—
1081 364 1130 446 lll,

111 456 206 534 adipis
225 457 365 534 porcinae
385 460 487 514 coctae
507 460 537 512 et
555 451 667 512 colatae
687 451 792 513 libram
807 452 955 531 permisce
970 459 1000 512 et
1016 457 1129 532 quanto

111 545 283 624 diligentius
306 551 371 603 tere
394 541 441 601 vel
459 540 591 601 conirica
610 549 699 620 atque
718 543 749 600 in
769 540 889 600 modum
909 540 1130 620 cataplasmatis

57 645 91 693 41
112 635 234 713 adpone.
267 629 440 710 Mastichen,
463 637 660 710 personatam,
684 647 824 708 saponem
848 627 1002 709 Gallicum,
1028 648 1158 692 ceramo

112 721 274 800 Ponticam,
299 719 398 778 oleum
416 725 510 793 vetus,
535 735 669 795 spumam
688 719 804 796 argenti
823 719 925 796 aequis
944 718 1131 796 ponderibus

113 807 253 870 miscebis
268 816 298 867 et
312 825 423 886 coques
443 807 479 868 ad
498 806 721 884 spissitudinem
741 806 851 886 liparae
871 813 960 884 atque
979 807 1049 867 inde
1070 826 1132 869 em·

113 896 258 976 plastrum
278 895 401 956 maculis
420 896 452 955 in
471 896 545 956 facie
564 895 609 955 vel
628 895 757 974 pustulis
776 903 805 956 et
822 893 974 955 ulceribus
989 895 1132 974 adpones.

59 995 94 1042 42
203 984 246 1044 dd
270 984 458 1062 nigredinem
481 992 511 1045 et
533 983 663 1044 maculas
687 984 754 1044 colli
783 992 813 1044 et
836 983 936 1044 mnus
958 986 1132 1062 purgandas

114 1074 239 1134 farinam
263 1073 300 1134 de
324 1072 389 1133 faba
413 1091 481 1134 cnm
505 1091 609 1133 ramore
632 1074 766 1152 peponis,
789 1072 819 1132 id
843 1079 890 1132 est
909 1090 980 1133 suco
1000 1074 1067 1135 eius
1087 1077 1171 1136 iu-10

113 1164 240 1245 teriore,
267 1161 408 1223 miscebis
436 1169 467 1222 et
495 1162 585 1222 facies
613 1160 778 1221 trochiscos
804 1167 871 1221 octo
896 1167 926 1220 et
949 1161 1077 1223 siccabis
1102 1166 1134 1224 in

114 1251 233 1332 umhra3
258 1269 293 1311 ex
318 1259 384 1311 octo
408 1250 467 1311 illis
491 1259 635 1330 quantum
659 1249 788 1310 sufficiat
811 1257 891 1310 teres
915 1267 983 1309 cum
1005 1269 1083 1329 aqua
1103 1262 1134 1314 et

113 1339 222 1401 inlines
246 1340 375 1402 maculas
399 1348 487 1420 atque
510 1342 552 1400 ita
575 1340 670 1400 uteris
689 1345 757 1398 ante
776 1337 924 1418 balneum,
947 1346 981 1398 ut
1001 1341 1135 1403 siccetur

115 1427 225 1509 inlitio,
253 1437 283 1489 et
311 1431 355 1489 sio
383 1429 575 1508 ingredieris,
605 1435 635 1487 et
662 1445 730 1488 cum
758 1445 893 1489 umorem
921 1431 1074 1506 acceperis
1102 1433 1133 1492 in

116 1517 222 1594 calore,
246 1526 310 1577 tum
334 1515 510 1594 perfricahis
533 1523 563 1575 et
586 1515 677 1576 elues.
1146 1537 1172 1577 15

62 1613 96 1662 43
205 1605 250 1664 ld
273 1613 421 1665 tumorem
445 1606 506 1664 sive
529 1603 653 1663 livorem
676 1604 713 1665 de
732 1605 807 1664 facie
826 1603 988 1664 tollendum
1010 1604 1134 1668 herbam

116 1692 261 1754 Rhodiam
286 1712 322 1753 ex
345 1700 428 1754 aceto
452 1694 553 1753 tritam
576 1691 668 1752 inliue
692 1701 722 1753 et
741 1695 853 1753 siccare
877 1694 1017 1770 permitte
1042 1702 1134 1774 atque

62 1789 98 1839 44
116 1784 157 1842 ita
185 1782 260 1842 elue.
301 1781 421 1842 Urticae
449 1781 518 1842 lolia
547 1788 669 1841 contere
695 1789 725 1841 et
747 1783 811 1860 ipsa
834 1782 1039 1842 tantummodo
1064 1801 1134 1844 cnm

117 1888 189 1930 suco
213 1889 267 1931 suo
292 1870 465 1932 cohibendis
488 1869 657 1932 tumoribus
676 1869 722 1930 vel
740 1868 893 1930 abolendis
911 1868 1056 1931 livoribus
1075 1871 1134 1932 fre·

118 1965 245 2038 quanter
268 1959 392 2038 adpone.
1147 1976 1172 2016 2⁰

64 2055 98 2104 45
207 2048 250 2108 dd
274 2066 364 2126 genas
387 2048 508 2109 scabras
532 2055 561 2109 et
585 2049 739 2108 cicatrices
762 2044 945 2106 maxillarum
965 2047 1134 2109 remedium

119 2138 175 2197 sict
217 2136 388 2198 Chalcitidis
420 2137 576 2197 drachmas
608 2135 674 2216 XX,
708 2137 817 2214 misyos
849 2134 948 2195 drach.
980 2134 1018 2214 X,
1052 2141 1136 2199 croci

119 2225 218 2285 drach.
247 2224 297 2305 Vl,
325 2227 402 2285 turis
432 2225 588 2286 drachmas
611 2222 650 2303 X,
678 2242 794 2303 myrrae
822 2223 978 2283 drachmas
1001 2222 1033 2304 V,
1063 2243 1134 2305 opo·

119 2315 239 2390 panacis
253 2311 409 2372 drachmas
423 2311 456 2393 V,
475 2315 552 2372 aceti
570 2309 601 2372 S*
616 2311 648 2392 V,
667 2311 763 2371 mellis
783 2313 888 2390 optimi
902 2309 933 2371 8
948 2311 974 2371 ΙΙ
990 2311 1018 2372 S.
1050 2312 1134 2384 Quae

120 2401 199 2459 sicca
223 2407 293 2459 sunt
316 2399 424 2459 tundes
447 2407 478 2459 et
500 2402 531 2459 in
554 2399 706 2477 pulverem
727 2399 844 2478 rediges
863 2408 893 2460 et
912 2418 948 2460 ex
967 2419 1002 2460 eo
1022 2419 1135 2482 coques
1149 2418 1174 2459 as

88 2504 188 2546 ‘cum
216 2493 300 2546 aceto
328 2494 359 2546 et
384 2494 488 2564 postea
516 2487 602 2546 melle
635 2486 764 2547 admixto
797 2488 885 2548 simul
918 2491 1015 2550 omnia
1043 2497 1136 2574 teres,

120 2574 214 2634 donec
238 2574 422 2634 sufficienter
445 2574 628 2636 medicamen
648 2576 686 2636 sit
705 2577 833 2654 spissum
854 2576 899 2636 vel
924 2577 1080 2660 liquidum,
1105 2589 1136 2642 et

119 2665 151 2723 in
174 2662 282 2742 pyxide
305 2681 391 2723 aerea
414 2681 508 2742 pones
532 2672 563 2724 et
586 2682 653 2725 cum
677 2681 753 2742 opus
774 2665 873 2745 luerit,
897 2668 991 2726 uteris
1010 2667 1046 2727 ad
1065 2687 1134 2747 per·

66 2759 100 2809 46
120 2751 257 2830 ungenda
285 2751 332 2812 vel
359 2752 580 2831 superlinienda
610 2771 684 2834 quae
708 2761 786 2814 sunt.
832 2754 875 2814 Ad
900 2772 990 2832 genas
1013 2755 1135 2817 scabras

121 2849 151 2901 et
174 2840 309 2902 scabidas
333 2849 363 2902 et
385 2849 502 2903 veteres
526 2843 681 2903 cicatrices
700 2842 865 2903 remedium
884 2844 943 2902 sic:
966 2843 1051 2902 deris
1073 2847 1135 2906 usti
1151 2860 1177 2902 so

121 2938 151 2990 et
178 2929 244 3012 loti,
271 2949 401 3013 myrrae,
430 2932 491 3010 opii
518 2931 673 2992 drachmas
700 2940 814 3013 ternas,
842 2931 972 2992 cadmiae
996 2938 1081 2992 ustae
1106 2941 1137 2994 et

121 3021 268 3080 extinctae
296 3022 365 3081 rino
389 3021 545 3082 drachmas
568 3027 648 3100 oct03
676 3018 749 3080 haec
776 3022 806 3078 in
834 3018 987 3098 pulverem
1015 3019 1136 3082 redacta

121 3126 157 3168 ex
177 3127 251 3188 aqua
271 3109 390 3170 fontana
409 3109 455 3170 vel
474 3109 594 3169 caelesti
613 3117 702 3187 teres,
721 3108 814 3167 donec
831 3107 906 3167 levia
925 3109 993 3185 sint,
1017 3118 1048 3169 et
1067 3127 1137 3171 cum

121 3195 268 3274 glutinosa
287 3198 408 3278 luerint,
432 3197 614 3277 superaddes
632 3194 728 3256 mellis
747 3197 851 3274 optimi
870 3196 1037 3274 despumati
1056 3208 1134 3278 coty-

120 3283 179 3344 lam
207 3303 309 3366 unam,
338 3285 444 3346 deinde
472 3283 661 3363 perfricando
689 3283 735 3343 vel
758 3283 881 3344 terendo
905 3286 1137 3366 concorporabis
1150 3301 1178 3344 aa

122 3375 221 3433 omnia
249 3382 279 3434 et
306 3376 337 3433 in
364 3372 472 3453 pyxide
496 3390 581 3433 aerea
608 3372 719 3432 condes
742 3379 772 3432 et
795 3391 863 3433 cum
887 3372 1017 3435 volueris
1040 3377 1137 3436 uteris

121 3460 157 3519 ad
182 3460 402 3538 superliniendo
426 3478 500 3539 quae
524 3468 602 3521 sunt.
