2438 3802
496 144 736 209 -346-

114 308 197 386 porri
225 306 343 367 sectiles
370 306 416 367 vel
444 307 576 387 capitati,
609 308 751 387 ocimum,
780 305 956 386 seniculum,
986 310 1136 390 satureia,

113 396 272 476 pastinaca,
292 395 408 477 cardui3
426 395 480 455 hae
500 397 565 455 esui
584 394 667 455 datae
687 396 776 455 etiam
792 412 888 454 mares
903 396 987 454 nasci
1001 394 1134 459 iaciunt.

113 485 151 545 At
169 502 240 544 vero
259 486 425 545 contrariae
444 490 515 543 sunt
532 482 674 562 puleium,
698 485 805 563 apium,
824 491 900 564 ruta,
921 484 1133 567 coriandrum,

113 581 221 654 menta,
244 573 368 646 lactuca,
392 573 586 652 nasturcium,
610 570 759 632 anethum.

60 672 93 722 tl
201 661 245 721 Ad
269 662 430 721 ramicosos
453 667 483 719 et
507 659 616 738 quibus
635 667 751 719 veretra
774 667 804 720 et
824 658 955 720 testiculi
980 659 1157 722 dolebunts

114 748 272 810 medullam
290 750 375 826 panis
394 749 503 807 siccam
521 749 552 807 in
572 749 713 808 mortario
733 755 879 829 conterno,
898 747 1006 807 deinde
1027 748 1133 810 oleum
1211 784 1213 791 ·

113 841 145 897 in
169 838 345 914 sartaginem
369 837 470 896 mittes
498 843 528 896 et
551 838 594 896 sic
618 835 776 896 medullam
798 838 883 915 panis
906 837 1008 896 tritam
1035 855 1133 916 super

114 924 212 984 oleum
230 926 330 984 mittes
349 930 379 984 et
395 924 547 1002 paululum
561 925 653 1003 friges
667 924 855 1004 calidumque
869 942 959 1003 super
973 927 1132 1002 pectinem

114 1012 240 1072 dolentis
264 1012 403 1093 adpones,
425 1015 500 1073 mire
525 1013 690 1073 subvenies.

59 1112 93 1162 nt
201 1099 310 1161 Fabam
330 1101 438 1161 fresam
456 1103 488 1161 in
506 1101 632 1162 mulsam
650 1119 757 1179 aquam
776 1101 899 1161 infunde
919 1107 1033 1160 etcum
1050 1101 1167 1163 beneu

112 1189 329 1268 permaduerit,
357 1197 479 1250 contere
502 1208 536 1250 ac
560 1189 631 1250 dum
654 1199 734 1249 teres
757 1191 824 1248 vino
848 1206 972 1268 asperge
997 1197 1028 1249 et
1054 1197 1130 1251 tam·

113 1296 201 1357 quam
224 1277 367 1356 malagma
390 1277 517 1338 calidum
541 1277 678 1338 verendis
702 1277 847 1359 adpones,
875 1279 974 1337 statim
999 1276 1129 1340 dolenti·

112 1366 168 1427 bus
192 1385 226 1428 ac
249 1366 434 1427 tumentibus
456 1366 603 1427 testiculis
626 1365 793 1426 medebere.

59 1465 93 1516 63
201 1453 329 1515 Verendi
352 1454 445 1514 virilis
468 1453 589 1514 clavulis
612 1461 643 1514 et
666 1453 817 1515 ulceribus
836 1453 900 1514 aloe
918 1454 989 1514 trita
1008 1453 1131 1517 utiliter

112 1545 275 1622 inponitur,
299 1559 367 1602 cum
390 1543 474 1620 prius
496 1544 564 1602 vino
588 1542 667 1604 eluta
690 1543 802 1602 tuerint
825 1543 894 1602 vitia
918 1544 1038 1603 veretri.
1144 1562 1167 1604 n

57 1642 94 1692 54
200 1630 401 1710 Emplastrum
421 1629 522 1709 viride,
546 1630 625 1708 qvvod
643 1631 752 1692 medici
770 1630 892 1691 chloran
910 1629 1072 1713 appellant,
1093 1651 1131 1693 ex

112 1737 234 1780 rosaceo
263 1721 421 1779 remissum
445 1719 476 1778 in
499 1717 620 1778 linteolo
644 1721 728 1779 tenui
750 1718 868 1779 inlitum
892 1720 1018 1778 veretris
1043 1721 1130 1781 exul·

57 1819 92 1868 55
112 1810 220 1868 ceratis
248 1807 363 1868 utiliter
390 1808 552 1886 inponitur.
595 1806 703 1867 Sevum
726 1807 850 1886 pecudis
874 1825 890 1866 a
913 1805 1037 1868 renibus
1063 1808 1130 1870 vul·

112 1914 178 1956 sum
202 1896 331 1956 admixto
354 1897 482 1974 pumicis
506 1898 606 1956 cinere
631 1903 661 1956 et
684 1894 743 1956 sale
767 1897 933 1956 rectissime
951 1894 1129 1959 dolentibus

58 1996 92 2045 nt
112 1993 142 2045 et
174 1985 359 2046 tumentibus
387 1986 514 2045 veretris
541 1986 703 2063 inponitur.
748 1984 950 2045 Arietinorum
977 1984 1128 2047 vellerum
1143 2005 1168 2046 ao

111 2075 187 2134 einis
215 2091 283 2134 eum
311 2091 386 2152 aqua
415 2075 526 2134 mixtus
555 2080 585 2133 et
613 2072 764 2151 adpositus
791 2070 987 2132 incommodis
1012 2077 1130 2135 veretri

57 2171 91 2222 57
110 2170 264 2242 repugnat.
295 2161 427 2241 Ungulae
446 2161 574 2222 mulinae
594 2169 715 2222 exustae
735 2163 810 2221 cinis
829 2159 987 2221 salubriter
1006 2163 1128 2241 insper-

110 2252 190 2330 gitur
213 2252 291 2310 vitiis
315 2257 510 2310 veretrorum.

57 2351 91 2401 68
200 2337 402 2399 Carbunculus
426 2337 462 2397 de
480 2339 606 2397 veretris
626 2339 803 2397 exterminat
820 2338 967 2397 muricum
985 2336 1032 2397 vel
1051 2356 1127 2416 pur-

109 2443 253 2504 purarum
271 2427 303 2483 in
322 2423 501 2484 carbonibus
516 2432 650 2484 ustarum
665 2427 740 2485 cinis
754 2444 822 2486 cum
838 2424 923 2485 melle
938 2427 1125 2509 permixtus;
1140 2447 1166 2488 as

109 2512 188 2572 idem
215 2519 368 2591 praestant
396 2512 540 2589 singulari
567 2513 697 2573 ellicacia
726 2513 901 2574 salsamenta
929 2513 1061 2575 discocta
1094 2525 1126 2577 et

110 2617 178 2660 eum
201 2598 288 2660 melle
310 2601 457 2679 permixta
479 2602 609 2680 tritaque
632 2600 774 2680 adposita.

55 2700 91 2750 59
199 2687 349 2748 Permixto
372 2687 501 2749 alumine
526 2698 555 2750 et
578 2708 675 2769 myrra
699 2690 737 2751 fel
759 2689 903 2751 bubulum
923 2689 959 2749 ad
979 2691 1124 2752 crassitu-

110 2778 209 2838 dinem
232 2777 328 2838 mellis
352 2777 508 2839 subactum
532 2787 562 2839 et
583 2777 702 2840 inlitum
725 2797 772 2860 ea,
800 2797 875 2856 quae
903 2781 1031 2840 veretris
1060 2798 1125 2840 ser·

108 2874 192 2948 punt,
210 2868 285 2927 mira
304 2865 455 2928 celeritate
474 2875 626 2949 persanat3
645 2886 735 2947 supra
754 2869 843 2927 etiam
861 2865 929 2927 beta
948 2869 1016 2928 vino
1037 2878 1125 2930 cocta
1139 2888 1165 2929 so

108 2963 190 3017 recte
213 2958 375 3036 inponitur.

54 3058 89 3106 oo
198 3045 322 3127 Cocleis,
345 3064 420 3124 quae
440 3044 537 3106 nudae
556 3045 757 3117 inveniuntur,
777 3043 905 3103 adicitur
924 3043 1035 3122 aliquid
1057 3047 1126 3106 triti

108 3135 184 3193 turis
213 3141 243 3194 et
270 3133 329 3193 albi
357 3151 480 3195 ovorum
508 3141 596 3212 atque
624 3131 694 3192 inde
717 3131 817 3192 ulcera
840 3131 1052 3192 testiculorum
1075 3143 1125 3195 tu·

108 3224 218 3282 mentia
237 3230 268 3282 et
285 3221 461 3300 hydrocelae
480 3239 642 3300 puerorum
661 3222 722 3280 sive
741 3221 867 3280 ramices
882 3219 1124 3304 superlinuntur,

568 3312 578 3343 1

198 3361 212 3409 1
231 3355 411 3411 foeniculum.
502 3362 518 3410 2
538 3357 694 3426 pastinaga.
781 3355 862 3410 essui.
949 3360 965 3408 3
984 3355 1123 3423 poleium.

108 3431 142 3480 14
163 3426 288 3482 verende.
370 3432 404 3481 22
424 3426 556 3482 murinas.
637 3431 672 3480 24
690 3440 883 3496 purpurarum.
970 3430 1005 3480 28
1024 3427 1124 3486 mirra.

106 3496 220 3552 bubulo.
294 3503 328 3553 31
347 3496 506 3570 inponetur.
578 3502 613 3552 34
630 3497 775 3552 idroceles.
