<?xml version="1.0" encoding="UTF-8"?>
<!DOCTYPE html PUBLIC "-//W3C//DTD XHTML 1.0 Transitional//EN"
    "http://www.w3.org/TR/xhtml1/DTD/xhtml1-transitional.dtd">
<html xmlns="http://www.w3.org/1999/xhtml" xml:lang="en" lang="en">
 <head>
  <title>
</title>
<meta http-equiv="Content-Type" content="text/html;charset=utf-8" />
  <meta name='ocr-system' content='tesseract 3.04.00' />
  <meta name='ocr-capabilities' content='ocr_page ocr_carea ocr_par ocr_line ocrx_word'/>
</head>
<body>
  <div class='ocr_page' id='page_1' title='image "./marcellidemedic01helmgoog_0300.png"; bbox 0 0 2438 3802; ppageno 0'>
   <div class='ocr_carea' id='block_1_1' title="bbox 481 145 721 210">
    <p class='ocr_par' dir='ltr' id='par_1_1' title="bbox 481 145 721 210">
     <span class='ocr_line' id='line_1_1' title="bbox 481 145 721 210; baseline 0 0"><span class='ocrx_word' id='word_1_1' title='bbox 481 145 721 210; x_wconf 78' lang='lat'>-289-</span> 
     </span>
    </p>
   </div>
   <div class='ocr_carea' id='block_1_2' title="bbox 51 307 1162 3287">
    <p class='ocr_par' dir='ltr' id='par_1_2' title="bbox 62 307 1106 458">
     <span class='ocr_line' id='line_1_2' title="bbox 62 307 1106 392; baseline 0.003 -24"><span class='ocrx_word' id='word_1_2' title='bbox 62 309 66 316; x_wconf 87' lang='lat'>&#39;</span> <span class='ocrx_word' id='word_1_3' title='bbox 93 310 272 369; x_wconf 91' lang='lat' dir='ltr'><strong>acerrimum</strong></span> <span class='ocrx_word' id='word_1_4' title='bbox 291 309 389 368; x_wconf 89' lang='lat' dir='ltr'><strong>mittat</strong></span> <span class='ocrx_word' id='word_1_5' title='bbox 408 315 437 368; x_wconf 90' lang='lat' dir='ltr'><strong>et</strong></span> <span class='ocrx_word' id='word_1_6' title='bbox 456 307 649 368; x_wconf 78' lang='lat' dir='ltr'><strong>madefactam</strong></span> <span class='ocrx_word' id='word_1_7' title='bbox 664 311 845 370; x_wconf 91' lang='lat' dir='ltr'><strong>torminosus</strong></span> <span class='ocrx_word' id='word_1_8' title='bbox 860 309 1027 392; x_wconf 86' lang='lat' dir='ltr'><strong>manducet,</strong></span> <span class='ocrx_word' id='word_1_9' title='bbox 1047 312 1106 373; x_wconf 91' lang='lat' dir='ltr'><strong>cito</strong></span> 
     </span>
     <span class='ocr_line' id='line_1_3' title="bbox 93 397 303 458; baseline -0.014 0"><span class='ocrx_word' id='word_1_10' title='bbox 93 404 214 458; x_wconf 91' lang='lat' dir='ltr'><strong>sanatus</strong></span> <span class='ocrx_word' id='word_1_11' title='bbox 238 397 303 456; x_wconf 91' lang='lat' dir='ltr'><strong>erit.</strong></span> 
     </span>
    </p>

    <p class='ocr_par' dir='ltr' id='par_1_3' title="bbox 95 484 1161 654">
     <span class='ocr_line' id='line_1_4' title="bbox 182 484 1161 564; baseline 0.004 -20"><span class='ocrx_word' id='word_1_12' title='bbox 182 485 225 545; x_wconf 83' lang='lat' dir='ltr'><strong>Ad</strong></span> <span class='ocrx_word' id='word_1_13' title='bbox 240 484 418 564; x_wconf 83' lang='lat' dir='ltr'><strong>profluvium</strong></span> <span class='ocrx_word' id='word_1_14' title='bbox 433 492 463 544; x_wconf 90' lang='lat' dir='ltr'><strong>et</strong></span> <span class='ocrx_word' id='word_1_15' title='bbox 476 486 722 545; x_wconf 80' lang='lat' dir='ltr'><strong>incontinentiam</strong></span> <span class='ocrx_word' id='word_1_16' title='bbox 737 487 850 546; x_wconf 86' lang='lat' dir='ltr'><strong>ventris</strong></span> <span class='ocrx_word' id='word_1_17' title='bbox 864 486 1030 547; x_wconf 87' lang='lat' dir='ltr'><strong>remedium</strong></span> <span class='ocrx_word' id='word_1_18' title='bbox 1045 488 1161 548; x_wconf 83' lang='lat' dir='ltr'><strong>sic:119</strong></span> 
     </span>
     <span class='ocr_line' id='line_1_5' title="bbox 95 571 1107 654; baseline 0.001 -20"><span class='ocrx_word' id='word_1_19' title='bbox 95 575 270 654; x_wconf 86' lang='lat' dir='ltr'><strong>Spongeam,</strong></span> <span class='ocrx_word' id='word_1_20' title='bbox 295 591 370 651; x_wconf 86' lang='lat' dir='ltr'><strong>quae</strong></span> <span class='ocrx_word' id='word_1_21' title='bbox 389 575 421 632; x_wconf 95' lang='lat' dir='ltr'><strong>in</strong></span> <span class='ocrx_word' id='word_1_22' title='bbox 439 591 535 651; x_wconf 93' lang='lat' dir='ltr'><strong>pruno</strong></span> <span class='ocrx_word' id='word_1_23' title='bbox 556 571 685 634; x_wconf 90' lang='lat' dir='ltr'><strong>silvestri</strong></span> <span class='ocrx_word' id='word_1_24' title='bbox 703 574 749 634; x_wconf 88' lang='lat' dir='ltr'><strong>vel</strong></span> <span class='ocrx_word' id='word_1_25' title='bbox 766 576 797 634; x_wconf 94' lang='lat' dir='ltr'><strong>in</strong></span> <span class='ocrx_word' id='word_1_26' title='bbox 817 576 902 653; x_wconf 89' lang='lat' dir='ltr'><strong>spina</strong></span> <span class='ocrx_word' id='word_1_27' title='bbox 919 583 971 635; x_wconf 88' lang='lat' dir='ltr'><strong>aut</strong></span> <span class='ocrx_word' id='word_1_28' title='bbox 989 576 1020 634; x_wconf 92' lang='lat' dir='ltr'><strong>in</strong></span> <span class='ocrx_word' id='word_1_29' title='bbox 1039 593 1107 636; x_wconf 93' lang='lat' dir='ltr'><strong>rosa</strong></span> 
     </span>
    </p>

    <p class='ocr_par' dir='ltr' id='par_1_4' title="bbox 66 661 1106 1096">
     <span class='ocr_line' id='line_1_6' title="bbox 66 661 1106 741; baseline 0.006 -23"><span class='ocrx_word' id='word_1_30' title='bbox 66 663 226 724; x_wconf 80' lang='lat' dir='ltr'><strong>asilvestri</strong></span> <span class='ocrx_word' id='word_1_31' title='bbox 244 663 386 741; x_wconf 87' lang='lat' dir='ltr'><strong>nascitur,</strong></span> <span class='ocrx_word' id='word_1_32' title='bbox 410 661 530 740; x_wconf 91' lang='lat' dir='ltr'><strong>colliges</strong></span> <span class='ocrx_word' id='word_1_33' title='bbox 549 668 580 721; x_wconf 91' lang='lat' dir='ltr'><strong>et</strong></span> <span class='ocrx_word' id='word_1_34' title='bbox 599 679 688 740; x_wconf 90' lang='lat' dir='ltr'><strong>supra</strong></span> <span class='ocrx_word' id='word_1_35' title='bbox 708 662 829 724; x_wconf 88' lang='lat' dir='ltr'><strong>vatilum</strong></span> <span class='ocrx_word' id='word_1_36' title='bbox 847 662 973 724; x_wconf 90' lang='lat' dir='ltr'><strong>tostabis</strong></span> <span class='ocrx_word' id='word_1_37' title='bbox 992 671 1022 724; x_wconf 88' lang='lat' dir='ltr'><strong>et</strong></span> <span class='ocrx_word' id='word_1_38' title='bbox 1041 663 1106 724; x_wconf 92' lang='lat' dir='ltr'><strong>dili-</strong></span> 
     </span>
     <span class='ocr_line' id='line_1_7' title="bbox 93 749 1106 831; baseline -0.001 -19"><span class='ocrx_word' id='word_1_39' title='bbox 93 759 199 830; x_wconf 79' lang='lat' dir='ltr'><strong>genter</strong></span> <span class='ocrx_word' id='word_1_40' title='bbox 222 758 303 810; x_wconf 90' lang='lat' dir='ltr'><strong>teres</strong></span> <span class='ocrx_word' id='word_1_41' title='bbox 327 757 415 829; x_wconf 89' lang='lat' dir='ltr'><strong>atque</strong></span> <span class='ocrx_word' id='word_1_42' title='bbox 438 751 470 809; x_wconf 93' lang='lat' dir='ltr'><strong>in</strong></span> <span class='ocrx_word' id='word_1_43' title='bbox 494 749 616 810; x_wconf 81' lang='lat' dir='ltr'><strong>calicem</strong></span> <span class='ocrx_word' id='word_1_44' title='bbox 634 752 736 811; x_wconf 87' lang='lat' dir='ltr'><strong>mittes</strong></span> <span class='ocrx_word' id='word_1_45' title='bbox 755 769 789 812; x_wconf 90' lang='lat' dir='ltr'><strong>ac</strong></span> <span class='ocrx_word' id='word_1_46' title='bbox 809 751 937 831; x_wconf 85' lang='lat' dir='ltr'><strong>desuper</strong></span> <span class='ocrx_word' id='word_1_47' title='bbox 956 770 1044 813; x_wconf 87' lang='lat' dir='ltr'><strong>ovum</strong></span> <span class='ocrx_word' id='word_1_48' title='bbox 1062 754 1106 812; x_wconf 92' lang='lat' dir='ltr'><strong>in-</strong></span> 
     </span>
     <span class='ocr_line' id='line_1_8' title="bbox 93 837 1106 921; baseline 0.001 -21"><span class='ocrx_word' id='word_1_49' title='bbox 93 846 212 901; x_wconf 91' lang='lat' dir='ltr'><strong>coctum</strong></span> <span class='ocrx_word' id='word_1_50' title='bbox 235 838 380 898; x_wconf 85' lang='lat' dir='ltr'><strong>defundes</strong></span> <span class='ocrx_word' id='word_1_51' title='bbox 404 846 433 898; x_wconf 85' lang='lat' dir='ltr'><strong>et</strong></span> <span class='ocrx_word' id='word_1_52' title='bbox 456 837 532 898; x_wconf 91' lang='lat' dir='ltr'><strong>bene</strong></span> <span class='ocrx_word' id='word_1_53' title='bbox 555 838 764 921; x_wconf 87' lang='lat' dir='ltr'><strong>permiscebis,</strong></span> <span class='ocrx_word' id='word_1_54' title='bbox 790 839 897 900; x_wconf 91' lang='lat' dir='ltr'><strong>deiude</strong></span> <span class='ocrx_word' id='word_1_55' title='bbox 920 859 1011 920; x_wconf 91' lang='lat' dir='ltr'><strong>super</strong></span> <span class='ocrx_word' id='word_1_56' title='bbox 1034 842 1106 901; x_wconf 90' lang='lat' dir='ltr'><strong>vati-</strong></span> 
     </span>
     <span class='ocr_line' id='line_1_9' title="bbox 92 925 1106 1009; baseline 0 -20"><span class='ocrx_word' id='word_1_57' title='bbox 92 928 153 989; x_wconf 95' lang='lat' dir='ltr'><strong>lum</strong></span> <span class='ocrx_word' id='word_1_58' title='bbox 183 927 359 987; x_wconf 90' lang='lat' dir='ltr'><strong>candentem</strong></span> <span class='ocrx_word' id='word_1_59' title='bbox 386 925 531 987; x_wconf 87' lang='lat' dir='ltr'><strong>defundes</strong></span> <span class='ocrx_word' id='word_1_60' title='bbox 560 934 590 986; x_wconf 91' lang='lat' dir='ltr'><strong>et</strong></span> <span class='ocrx_word' id='word_1_61' title='bbox 617 945 728 1005; x_wconf 91' lang='lat' dir='ltr'><strong>coques</strong></span> <span class='ocrx_word' id='word_1_62' title='bbox 756 946 790 988; x_wconf 91' lang='lat' dir='ltr'><strong>ac</strong></span> <span class='ocrx_word' id='word_1_63' title='bbox 818 928 965 991; x_wconf 79' lang='lat' dir='ltr'><strong>laboranti</strong></span> <span class='ocrx_word' id='word_1_64' title='bbox 994 929 1106 1009; x_wconf 78' lang='lat' dir='ltr'><strong>cyliaco</strong></span> 
     </span>
     <span class='ocr_line' id='line_1_10' title="bbox 93 1014 803 1096; baseline -0.001 -19"><span class='ocrx_word' id='word_1_65' title='bbox 93 1017 178 1096; x_wconf 92' lang='lat' dir='ltr'><strong>quasi</strong></span> <span class='ocrx_word' id='word_1_66' title='bbox 201 1033 288 1075; x_wconf 89' lang='lat' dir='ltr'><strong>ovum</strong></span> <span class='ocrx_word' id='word_1_67' title='bbox 312 1021 425 1075; x_wconf 93' lang='lat' dir='ltr'><strong>tortum</strong></span> <span class='ocrx_word' id='word_1_68' title='bbox 448 1014 687 1075; x_wconf 88' lang='lat' dir='ltr'><strong>manducandum</strong></span> <span class='ocrx_word' id='word_1_69' title='bbox 711 1015 803 1076; x_wconf 90' lang='lat' dir='ltr'><strong>dabis.</strong></span> 
     </span>
    </p>

    <p class='ocr_par' dir='ltr' id='par_1_5' title="bbox 51 1103 1160 1538">
     <span class='ocr_line' id='line_1_11' title="bbox 51 1103 1160 1184; baseline 0.008 -26"><span class='ocrx_word' id='word_1_70' title='bbox 51 1119 78 1160; x_wconf 82' lang='lat' dir='ltr'><strong>ro</strong></span> <span class='ocrx_word' id='word_1_71' title='bbox 181 1103 275 1164; x_wconf 89' lang='lat' dir='ltr'><strong>Bacae</strong></span> <span class='ocrx_word' id='word_1_72' title='bbox 295 1103 439 1164; x_wconf 89' lang='lat' dir='ltr'><strong>olivarum</strong></span> <span class='ocrx_word' id='word_1_73' title='bbox 457 1105 488 1163; x_wconf 93' lang='lat' dir='ltr'><strong>in</strong></span> <span class='ocrx_word' id='word_1_74' title='bbox 507 1105 576 1163; x_wconf 92' lang='lat' dir='ltr'><strong>vino</strong></span> <span class='ocrx_word' id='word_1_75' title='bbox 594 1105 681 1164; x_wconf 88' lang='lat' dir='ltr'><strong>tritae</strong></span> <span class='ocrx_word' id='word_1_76' title='bbox 701 1103 820 1184; x_wconf 78' lang='lat' dir='ltr'><strong>cyliacis</strong></span> <span class='ocrx_word' id='word_1_77' title='bbox 840 1113 923 1165; x_wconf 91' lang='lat' dir='ltr'><strong>recte</strong></span> <span class='ocrx_word' id='word_1_78' title='bbox 942 1108 1100 1184; x_wconf 91' lang='lat' dir='ltr'><strong>propinan·</strong></span> <span class='ocrx_word' id='word_1_79' title='bbox 1109 1118 1160 1167; x_wconf 87' lang='grc'><strong>120</strong></span> 
     </span>
     <span class='ocr_line' id='line_1_12' title="bbox 92 1191 1105 1274; baseline 0 -20"><span class='ocrx_word' id='word_1_80' title='bbox 92 1201 156 1274; x_wconf 79' lang='lat' dir='ltr'><strong>tur3</strong></span> <span class='ocrx_word' id='word_1_81' title='bbox 174 1192 327 1272; x_wconf 92' lang='lat' dir='ltr'><strong>portulaca</strong></span> <span class='ocrx_word' id='word_1_82' title='bbox 348 1210 466 1271; x_wconf 90' lang='lat' dir='ltr'><strong>quoque</strong></span> <span class='ocrx_word' id='word_1_83' title='bbox 485 1210 521 1251; x_wconf 87' lang='lat' dir='ltr'><strong>ex</strong></span> <span class='ocrx_word' id='word_1_84' title='bbox 540 1209 616 1270; x_wconf 92' lang='lat' dir='ltr'><strong>aqua</strong></span> <span class='ocrx_word' id='word_1_85' title='bbox 635 1191 792 1253; x_wconf 87' lang='lat' dir='ltr'><strong>fervefacta</strong></span> <span class='ocrx_word' id='word_1_86' title='bbox 813 1211 829 1252; x_wconf 91' lang='lat' dir='ltr'><strong>e</strong></span> <span class='ocrx_word' id='word_1_87' title='bbox 848 1193 968 1272; x_wconf 90' lang='lat' dir='ltr'><strong>polenta</strong></span> <span class='ocrx_word' id='word_1_88' title='bbox 984 1211 1105 1272; x_wconf 91' lang='lat' dir='ltr'><strong>aspersa</strong></span> 
     </span>
     <span class='ocr_line' id='line_1_13' title="bbox 92 1280 1102 1362; baseline -0.001 -20"><span class='ocrx_word' id='word_1_89' title='bbox 92 1281 243 1362; x_wconf 81' lang='lat' dir='ltr'><strong>conditur3</strong></span> <span class='ocrx_word' id='word_1_90' title='bbox 271 1280 340 1340; x_wconf 92' lang='lat' dir='ltr'><strong>inde</strong></span> <span class='ocrx_word' id='word_1_91' title='bbox 368 1280 441 1341; x_wconf 90' lang='lat' dir='ltr'><strong>offae</strong></span> <span class='ocrx_word' id='word_1_92' title='bbox 470 1280 637 1360; x_wconf 89' lang='lat' dir='ltr'><strong>complures</strong></span> <span class='ocrx_word' id='word_1_93' title='bbox 665 1282 692 1340; x_wconf 95' lang='lat' dir='ltr'><strong>si</strong></span> <span class='ocrx_word' id='word_1_94' title='bbox 719 1281 845 1341; x_wconf 90' lang='lat' dir='ltr'><strong>edantur</strong></span> <span class='ocrx_word' id='word_1_95' title='bbox 873 1281 1102 1360; x_wconf 80' lang='lat' dir='ltr'><strong>adysinterico,</strong></span> 
     </span>
     <span class='ocr_line' id='line_1_14' title="bbox 91 1367 1158 1448; baseline 0.002 -20"><span class='ocrx_word' id='word_1_96' title='bbox 91 1369 253 1448; x_wconf 91' lang='lat' dir='ltr'><strong>plurimum</strong></span> <span class='ocrx_word' id='word_1_97' title='bbox 276 1368 435 1432; x_wconf 84' lang='lat' dir='ltr'><strong>furabitur.</strong></span> <span class='ocrx_word' id='word_1_98' title='bbox 470 1367 584 1445; x_wconf 84' lang='lat' dir='ltr'><strong>Ungula</strong></span> <span class='ocrx_word' id='word_1_99' title='bbox 606 1371 729 1448; x_wconf 89' lang='lat' dir='ltr'><strong>porcina</strong></span> <span class='ocrx_word' id='word_1_100' title='bbox 748 1368 893 1430; x_wconf 85' lang='lat' dir='ltr'><strong>conbusta</strong></span> <span class='ocrx_word' id='word_1_101' title='bbox 911 1369 948 1430; x_wconf 92' lang='lat' dir='ltr'><strong>ad</strong></span> <span class='ocrx_word' id='word_1_102' title='bbox 967 1371 1158 1431; x_wconf 78' lang='lat' dir='ltr'><strong>cinerem121</strong></span> 
     </span>
     <span class='ocr_line' id='line_1_15' title="bbox 92 1456 1102 1538; baseline 0 -20"><span class='ocrx_word' id='word_1_103' title='bbox 92 1467 122 1519; x_wconf 83' lang='lat' dir='ltr'><strong>et</strong></span> <span class='ocrx_word' id='word_1_104' title='bbox 145 1459 214 1518; x_wconf 88' lang='lat' dir='ltr'><strong>trita</strong></span> <span class='ocrx_word' id='word_1_105' title='bbox 238 1465 358 1538; x_wconf 91' lang='lat' dir='ltr'><strong>postera</strong></span> <span class='ocrx_word' id='word_1_106' title='bbox 381 1457 429 1517; x_wconf 91' lang='lat' dir='ltr'><strong>die</strong></span> <span class='ocrx_word' id='word_1_107' title='bbox 453 1475 489 1516; x_wconf 85' lang='lat' dir='ltr'><strong>ex</strong></span> <span class='ocrx_word' id='word_1_108' title='bbox 512 1459 580 1517; x_wconf 92' lang='lat' dir='ltr'><strong>vino</strong></span> <span class='ocrx_word' id='word_1_109' title='bbox 603 1456 709 1518; x_wconf 94' lang='lat' dir='ltr'><strong>hausta</strong></span> <span class='ocrx_word' id='word_1_110' title='bbox 727 1456 903 1518; x_wconf 90' lang='lat' dir='ltr'><strong>mirabiliter</strong></span> <span class='ocrx_word' id='word_1_111' title='bbox 921 1458 1102 1537; x_wconf 79' lang='lat' dir='ltr'><strong>dysintericc</strong></span> 
     </span>
    </p>

    <p class='ocr_par' dir='ltr' id='par_1_6' title="bbox 51 1544 1160 1981">
     <span class='ocr_line' id='line_1_16' title="bbox 51 1544 1160 1627; baseline 0 -20"><span class='ocrx_word' id='word_1_112' title='bbox 51 1556 78 1598; x_wconf 73' lang='lat'><strong>1⁶</strong></span> <span class='ocrx_word' id='word_1_113' title='bbox 91 1547 221 1627; x_wconf 88' lang='lat' dir='ltr'><strong>prodest.</strong></span> <span class='ocrx_word' id='word_1_114' title='bbox 264 1545 345 1607; x_wconf 86' lang='lat' dir='ltr'><strong>Ciuis</strong></span> <span class='ocrx_word' id='word_1_115' title='bbox 373 1544 515 1606; x_wconf 89' lang='lat' dir='ltr'><strong>criblatus</strong></span> <span class='ocrx_word' id='word_1_116' title='bbox 538 1553 622 1607; x_wconf 90' lang='lat' dir='ltr'><strong>aceto</strong></span> <span class='ocrx_word' id='word_1_117' title='bbox 646 1548 823 1607; x_wconf 85' lang='lat' dir='ltr'><strong>commixtus</strong></span> <span class='ocrx_word' id='word_1_118' title='bbox 849 1550 947 1607; x_wconf 90' lang='lat' dir='ltr'><strong>ventri</strong></span> <span class='ocrx_word' id='word_1_119' title='bbox 970 1554 1000 1607; x_wconf 91' lang='lat' dir='ltr'><strong>et</strong></span> <span class='ocrx_word' id='word_1_120' title='bbox 1023 1549 1160 1607; x_wconf 80' lang='lat' dir='ltr'><strong>reni-122</strong></span> 
     </span>
     <span class='ocr_line' id='line_1_17' title="bbox 92 1633 1105 1696; baseline -0.001 0"><span class='ocrx_word' id='word_1_121' title='bbox 92 1636 149 1696; x_wconf 90' lang='lat' dir='ltr'><strong>bus</strong></span> <span class='ocrx_word' id='word_1_122' title='bbox 176 1637 245 1695; x_wconf 91' lang='lat' dir='ltr'><strong>imis</strong></span> <span class='ocrx_word' id='word_1_123' title='bbox 274 1634 451 1695; x_wconf 88' lang='lat' dir='ltr'><strong>calidissime</strong></span> <span class='ocrx_word' id='word_1_124' title='bbox 478 1633 581 1696; x_wconf 91' lang='lat' dir='ltr'><strong>inlitus</strong></span> <span class='ocrx_word' id='word_1_125' title='bbox 609 1636 776 1695; x_wconf 88' lang='lat' dir='ltr'><strong>certissime</strong></span> <span class='ocrx_word' id='word_1_126' title='bbox 808 1637 922 1695; x_wconf 89' lang='lat' dir='ltr'><strong>ventris</strong></span> <span class='ocrx_word' id='word_1_127' title='bbox 955 1634 1105 1696; x_wconf 90' lang='lat' dir='ltr'><strong>abundau-</strong></span> 
     </span>
     <span class='ocr_line' id='line_1_18' title="bbox 92 1722 1159 1804; baseline -0.001 -20"><span class='ocrx_word' id='word_1_128' title='bbox 92 1727 163 1784; x_wconf 92' lang='lat' dir='ltr'><strong>tiam</strong></span> <span class='ocrx_word' id='word_1_129' title='bbox 188 1725 316 1802; x_wconf 89' lang='lat' dir='ltr'><strong>stringit.</strong></span> <span class='ocrx_word' id='word_1_130' title='bbox 350 1723 432 1783; x_wconf 88' lang='lat' dir='ltr'><strong>Rana</strong></span> <span class='ocrx_word' id='word_1_131' title='bbox 455 1724 519 1783; x_wconf 84' lang='lat' dir='ltr'><strong>viva</strong></span> <span class='ocrx_word' id='word_1_132' title='bbox 538 1724 564 1783; x_wconf 91' lang='lat' dir='ltr'><strong>si</strong></span> <span class='ocrx_word' id='word_1_133' title='bbox 582 1725 680 1783; x_wconf 84' lang='lat' dir='ltr'><strong>ventri</strong></span> <span class='ocrx_word' id='word_1_134' title='bbox 698 1725 856 1784; x_wconf 91' lang='lat' dir='ltr'><strong>torminosi</strong></span> <span class='ocrx_word' id='word_1_135' title='bbox 874 1722 1048 1804; x_wconf 88' lang='lat' dir='ltr'><strong>adponatur,</strong></span> <span class='ocrx_word' id='word_1_136' title='bbox 1071 1725 1159 1783; x_wconf 79' lang='lat' dir='ltr'><strong>in123</strong></span> 
     </span>
     <span class='ocr_line' id='line_1_19' title="bbox 94 1811 1160 1873; baseline 0 -1"><span class='ocrx_word' id='word_1_137' title='bbox 94 1829 159 1872; x_wconf 89' lang='lat' dir='ltr'><strong>eam</strong></span> <span class='ocrx_word' id='word_1_138' title='bbox 186 1813 289 1872; x_wconf 89' lang='lat' dir='ltr'><strong>vitium</strong></span> <span class='ocrx_word' id='word_1_139' title='bbox 317 1812 474 1872; x_wconf 83' lang='lat' dir='ltr'><strong>confestim</strong></span> <span class='ocrx_word' id='word_1_140' title='bbox 502 1813 629 1872; x_wconf 91' lang='lat' dir='ltr'><strong>transire</strong></span> <span class='ocrx_word' id='word_1_141' title='bbox 659 1811 776 1873; x_wconf 89' lang='lat' dir='ltr'><strong>dicitur.</strong></span> <span class='ocrx_word' id='word_1_142' title='bbox 818 1811 1003 1872; x_wconf 86' lang='lat' dir='ltr'><strong>Torminosis</strong></span> <span class='ocrx_word' id='word_1_143' title='bbox 1027 1811 1160 1872; x_wconf 78' lang='lat' dir='ltr'><strong>salu-124</strong></span> 
     </span>
     <span class='ocr_line' id='line_1_20' title="bbox 94 1899 1104 1981; baseline -0.001 -20"><span class='ocrx_word' id='word_1_144' title='bbox 94 1899 224 1961; x_wconf 88' lang='lat' dir='ltr'><strong>berrime</strong></span> <span class='ocrx_word' id='word_1_145' title='bbox 248 1917 323 1978; x_wconf 92' lang='lat' dir='ltr'><strong>aqua</strong></span> <span class='ocrx_word' id='word_1_146' title='bbox 344 1902 458 1961; x_wconf 90' lang='lat' dir='ltr'><strong>marina</strong></span> <span class='ocrx_word' id='word_1_147' title='bbox 481 1919 535 1979; x_wconf 91' lang='lat' dir='ltr'><strong>per</strong></span> <span class='ocrx_word' id='word_1_148' title='bbox 559 1899 730 1979; x_wconf 83' lang='lat' dir='ltr'><strong>clysterium</strong></span> <span class='ocrx_word' id='word_1_149' title='bbox 753 1901 942 1981; x_wconf 87' lang='lat' dir='ltr'><strong>infundetur,</strong></span> <span class='ocrx_word' id='word_1_150' title='bbox 966 1902 992 1961; x_wconf 90' lang='lat' dir='ltr'><strong>si</strong></span> <span class='ocrx_word' id='word_1_151' title='bbox 1015 1899 1104 1962; x_wconf 91' lang='lat' dir='ltr'><strong>mole-</strong></span> 
     </span>
    </p>

    <p class='ocr_par' dir='ltr' id='par_1_7' title="bbox 51 1987 406 2050">
     <span class='ocr_line' id='line_1_21' title="bbox 51 1987 406 2050; baseline 0 0"><span class='ocrx_word' id='word_1_152' title='bbox 51 1999 78 2039; x_wconf 76' lang='lat'><strong>20</strong></span> <span class='ocrx_word' id='word_1_153' title='bbox 93 1991 149 2050; x_wconf 89' lang='lat' dir='ltr'><strong>stia</strong></span> <span class='ocrx_word' id='word_1_154' title='bbox 172 1987 285 2048; x_wconf 90' lang='lat' dir='ltr'><strong>diutina</strong></span> <span class='ocrx_word' id='word_1_155' title='bbox 307 1989 406 2050; x_wconf 85' lang='lat' dir='ltr'><strong>fuerit.</strong></span> 
     </span>
    </p>

    <p class='ocr_par' dir='ltr' id='par_1_8' title="bbox 91 2075 1160 2334">
     <span class='ocr_line' id='line_1_22' title="bbox 182 2075 1159 2138; baseline -0.001 0"><span class='ocrx_word' id='word_1_156' title='bbox 182 2076 283 2138; x_wconf 84' lang='lat' dir='ltr'><strong>Fimus</strong></span> <span class='ocrx_word' id='word_1_157' title='bbox 307 2076 495 2138; x_wconf 93' lang='lat' dir='ltr'><strong>columbinus</strong></span> <span class='ocrx_word' id='word_1_158' title='bbox 521 2079 612 2137; x_wconf 90' lang='lat' dir='ltr'><strong>tritus</strong></span> <span class='ocrx_word' id='word_1_159' title='bbox 637 2094 672 2136; x_wconf 86' lang='lat' dir='ltr'><strong>ex</strong></span> <span class='ocrx_word' id='word_1_160' title='bbox 696 2075 782 2137; x_wconf 91' lang='lat' dir='ltr'><strong>melle</strong></span> <span class='ocrx_word' id='word_1_161' title='bbox 806 2079 904 2137; x_wconf 90' lang='lat' dir='ltr'><strong>ventri</strong></span> <span class='ocrx_word' id='word_1_162' title='bbox 927 2076 1029 2138; x_wconf 91' lang='lat' dir='ltr'><strong>inlitus</strong></span> <span class='ocrx_word' id='word_1_163' title='bbox 1049 2077 1159 2137; x_wconf 76' lang='lat' dir='ltr'><strong>alvi125</strong></span> 
     </span>
     <span class='ocr_line' id='line_1_23' title="bbox 91 2164 1160 2244; baseline 0.001 -18"><span class='ocrx_word' id='word_1_164' title='bbox 91 2167 335 2227; x_wconf 91' lang='lat' dir='ltr'><strong>incontinentiam</strong></span> <span class='ocrx_word' id='word_1_165' title='bbox 356 2168 484 2244; x_wconf 85' lang='lat' dir='ltr'><strong>stringit.</strong></span> <span class='ocrx_word' id='word_1_166' title='bbox 515 2164 649 2244; x_wconf 93' lang='lat' dir='ltr'><strong>luniperi</strong></span> <span class='ocrx_word' id='word_1_167' title='bbox 668 2165 757 2226; x_wconf 93' lang='lat' dir='ltr'><strong>bacae</strong></span> <span class='ocrx_word' id='word_1_168' title='bbox 777 2167 866 2225; x_wconf 85' lang='lat' dir='ltr'><strong>tritae</strong></span> <span class='ocrx_word' id='word_1_169' title='bbox 886 2183 922 2225; x_wconf 82' lang='lat' dir='ltr'><strong>ex</strong></span> <span class='ocrx_word' id='word_1_170' title='bbox 936 2167 1004 2225; x_wconf 85' lang='lat' dir='ltr'><strong>vino</strong></span> <span class='ocrx_word' id='word_1_171' title='bbox 1019 2167 1160 2243; x_wconf 78' lang='lat' dir='ltr'><strong>mgr-omo</strong></span> 
     </span>
     <span class='ocr_line' id='line_1_24' title="bbox 91 2254 790 2334; baseline -0.003 -18"><span class='ocrx_word' id='word_1_172' title='bbox 91 2257 176 2334; x_wconf 92' lang='lat' dir='ltr'><strong>potui</strong></span> <span class='ocrx_word' id='word_1_173' title='bbox 199 2255 283 2316; x_wconf 89' lang='lat' dir='ltr'><strong>datae</strong></span> <span class='ocrx_word' id='word_1_174' title='bbox 308 2257 499 2334; x_wconf 89' lang='lat' dir='ltr'><strong>conprimunt</strong></span> <span class='ocrx_word' id='word_1_175' title='bbox 521 2254 578 2315; x_wconf 87' lang='lat' dir='ltr'><strong>alvi</strong></span> <span class='ocrx_word' id='word_1_176' title='bbox 601 2256 790 2314; x_wconf 89' lang='lat' dir='ltr'><strong>nimietatem.</strong></span> 
     </span>
    </p>

    <p class='ocr_par' dir='ltr' id='par_1_9' title="bbox 181 2341 1158 2423">
     <span class='ocr_line' id='line_1_25' title="bbox 181 2341 1158 2423; baseline 0 -20"><span class='ocrx_word' id='word_1_177' title='bbox 181 2343 277 2423; x_wconf 83' lang='lat' dir='ltr'><strong>Caput</strong></span> <span class='ocrx_word' id='word_1_178' title='bbox 300 2361 466 2422; x_wconf 92' lang='lat' dir='ltr'><strong>caprunum</strong></span> <span class='ocrx_word' id='word_1_179' title='bbox 489 2361 558 2404; x_wconf 93' lang='lat' dir='ltr'><strong>cum</strong></span> <span class='ocrx_word' id='word_1_180' title='bbox 581 2342 650 2422; x_wconf 90' lang='lat' dir='ltr'><strong>pilis</strong></span> <span class='ocrx_word' id='word_1_181' title='bbox 673 2344 736 2403; x_wconf 90' lang='lat' dir='ltr'><strong>suis</strong></span> <span class='ocrx_word' id='word_1_182' title='bbox 758 2349 918 2402; x_wconf 92' lang='lat' dir='ltr'><strong>contusum</strong></span> <span class='ocrx_word' id='word_1_183' title='bbox 937 2349 1026 2421; x_wconf 89' lang='lat' dir='ltr'><strong>atque</strong></span> <span class='ocrx_word' id='word_1_184' title='bbox 1045 2341 1158 2403; x_wconf 72' lang='lat' dir='ltr'><strong>dis-127</strong></span> 
     </span>
    </p>

    <p class='ocr_par' dir='ltr' id='par_1_10' title="bbox 51 2430 1162 2844">
     <span class='ocr_line' id='line_1_26' title="bbox 51 2430 1109 2511; baseline 0.001 -22"><span class='ocrx_word' id='word_1_185' title='bbox 51 2449 78 2490; x_wconf 80' lang='lat' dir='ltr'><strong>aa</strong></span> <span class='ocrx_word' id='word_1_186' title='bbox 93 2439 212 2494; x_wconf 93' lang='lat' dir='ltr'><strong>coctum</strong></span> <span class='ocrx_word' id='word_1_187' title='bbox 240 2431 367 2511; x_wconf 90' lang='lat' dir='ltr'><strong>ciboque</strong></span> <span class='ocrx_word' id='word_1_188' title='bbox 396 2439 548 2510; x_wconf 90' lang='lat' dir='ltr'><strong>sumptum</strong></span> <span class='ocrx_word' id='word_1_189' title='bbox 573 2439 661 2510; x_wconf 87' lang='lat' dir='ltr'><strong>rupta</strong></span> <span class='ocrx_word' id='word_1_190' title='bbox 683 2432 811 2492; x_wconf 86' lang='lat' dir='ltr'><strong>interius</strong></span> <span class='ocrx_word' id='word_1_191' title='bbox 834 2432 975 2491; x_wconf 87' lang='lat' dir='ltr'><strong>intestina</strong></span> <span class='ocrx_word' id='word_1_192' title='bbox 998 2430 1109 2492; x_wconf 90' lang='lat' dir='ltr'><strong>dicitur</strong></span> 
     </span>
     <span class='ocr_line' id='line_1_27' title="bbox 91 2519 1162 2599; baseline -0.003 -18"><span class='ocrx_word' id='word_1_193' title='bbox 91 2520 248 2598; x_wconf 84' lang='lat' dir='ltr'><strong>glutinare.</strong></span> <span class='ocrx_word' id='word_1_194' title='bbox 284 2520 364 2581; x_wconf 92' lang='lat' dir='ltr'><strong>Pilos</strong></span> <span class='ocrx_word' id='word_1_195' title='bbox 387 2519 539 2599; x_wconf 92' lang='lat' dir='ltr'><strong>leporinos</strong></span> <span class='ocrx_word' id='word_1_196' title='bbox 563 2520 678 2581; x_wconf 91' lang='lat' dir='ltr'><strong>adiecto</strong></span> <span class='ocrx_word' id='word_1_197' title='bbox 701 2519 788 2580; x_wconf 89' lang='lat' dir='ltr'><strong>melle</strong></span> <span class='ocrx_word' id='word_1_198' title='bbox 812 2519 1038 2599; x_wconf 90' lang='lat' dir='ltr'><strong>conprehendes</strong></span> <span class='ocrx_word' id='word_1_199' title='bbox 1062 2526 1162 2579; x_wconf 74' lang='lat' dir='ltr'><strong>atlas</strong></span> 
     </span>
     <span class='ocr_line' id='line_1_28' title="bbox 92 2607 1107 2690; baseline -0.003 -20"><span class='ocrx_word' id='word_1_200' title='bbox 92 2628 150 2688; x_wconf 92' lang='lat' dir='ltr'><strong>que</strong></span> <span class='ocrx_word' id='word_1_201' title='bbox 174 2609 243 2668; x_wconf 92' lang='lat' dir='ltr'><strong>inde</strong></span> <span class='ocrx_word' id='word_1_202' title='bbox 268 2608 404 2687; x_wconf 91' lang='lat' dir='ltr'><strong>globulos</strong></span> <span class='ocrx_word' id='word_1_203' title='bbox 427 2607 566 2687; x_wconf 86' lang='lat' dir='ltr'><strong>parvulos</strong></span> <span class='ocrx_word' id='word_1_204' title='bbox 586 2608 690 2690; x_wconf 89' lang='lat' dir='ltr'><strong>facies;</strong></span> <span class='ocrx_word' id='word_1_205' title='bbox 714 2608 745 2669; x_wconf 92' lang='lat' dir='ltr'><strong>hi</strong></span> <span class='ocrx_word' id='word_1_206' title='bbox 765 2607 875 2686; x_wconf 92' lang='lat' dir='ltr'><strong>singuli</strong></span> <span class='ocrx_word' id='word_1_207' title='bbox 894 2611 1012 2686; x_wconf 91' lang='lat' dir='ltr'><strong>saepius</strong></span> <span class='ocrx_word' id='word_1_208' title='bbox 1032 2607 1107 2686; x_wconf 87' lang='lat' dir='ltr'><strong>glut-</strong></span> 
     </span>
     <span class='ocr_line' id='line_1_29' title="bbox 92 2697 1107 2776; baseline -0.003 -19"><span class='ocrx_word' id='word_1_209' title='bbox 92 2699 140 2757; x_wconf 91' lang='lat' dir='ltr'><strong>titi</strong></span> <span class='ocrx_word' id='word_1_210' title='bbox 162 2698 305 2757; x_wconf 91' lang='lat' dir='ltr'><strong>intestina</strong></span> <span class='ocrx_word' id='word_1_211' title='bbox 328 2700 460 2776; x_wconf 91' lang='lat' dir='ltr'><strong>quamvis</strong></span> <span class='ocrx_word' id='word_1_212' title='bbox 483 2699 651 2774; x_wconf 92' lang='lat' dir='ltr'><strong>perniciose</strong></span> <span class='ocrx_word' id='word_1_213' title='bbox 679 2705 767 2775; x_wconf 89' lang='lat' dir='ltr'><strong>rupta</strong></span> <span class='ocrx_word' id='word_1_214' title='bbox 790 2703 873 2756; x_wconf 90' lang='lat' dir='ltr'><strong>certa</strong></span> <span class='ocrx_word' id='word_1_215' title='bbox 896 2697 1107 2757; x_wconf 88' lang='lat' dir='ltr'><strong>coniunctione</strong></span> 
     </span>
     <span class='ocr_line' id='line_1_30' title="bbox 92 2791 262 2844; baseline 0 0"><span class='ocrx_word' id='word_1_216' title='bbox 92 2791 262 2844; x_wconf 90' lang='lat' dir='ltr'><strong>conectunt.</strong></span> 
     </span>
    </p>

    <p class='ocr_par' dir='ltr' id='par_1_11' title="bbox 52 2870 1161 3287">
     <span class='ocr_line' id='line_1_31' title="bbox 52 2870 1161 2951; baseline 0.002 -21"><span class='ocrx_word' id='word_1_217' title='bbox 52 2890 79 2930; x_wconf 84' lang='lat' dir='ltr'><strong>ao</strong></span> <span class='ocrx_word' id='word_1_218' title='bbox 181 2870 323 2932; x_wconf 92' lang='lat' dir='ltr'><strong>Verbasci</strong></span> <span class='ocrx_word' id='word_1_219' title='bbox 345 2871 454 2931; x_wconf 93' lang='lat' dir='ltr'><strong>radicis</strong></span> <span class='ocrx_word' id='word_1_220' title='bbox 478 2872 620 2932; x_wconf 90' lang='lat' dir='ltr'><strong>corticem</strong></span> <span class='ocrx_word' id='word_1_221' title='bbox 643 2871 789 2932; x_wconf 93' lang='lat' dir='ltr'><strong>detrahito</strong></span> <span class='ocrx_word' id='word_1_222' title='bbox 809 2873 935 2951; x_wconf 90' lang='lat' dir='ltr'><strong>eiusque</strong></span> <span class='ocrx_word' id='word_1_223' title='bbox 956 2873 1161 2932; x_wconf 78' lang='lat' dir='ltr'><strong>contritaema</strong></span> 
     </span>
     <span class='ocr_line' id='line_1_32' title="bbox 93 2957 1106 3040; baseline 0 -22"><span class='ocrx_word' id='word_1_224' title='bbox 93 2976 200 3019; x_wconf 91' lang='lat' dir='ltr'><strong>sucum</strong></span> <span class='ocrx_word' id='word_1_225' title='bbox 225 2978 280 3038; x_wconf 94' lang='lat' dir='ltr'><strong>per</strong></span> <span class='ocrx_word' id='word_1_226' title='bbox 304 2958 457 3019; x_wconf 89' lang='lat' dir='ltr'><strong>linteolum</strong></span> <span class='ocrx_word' id='word_1_227' title='bbox 481 2977 656 3038; x_wconf 84' lang='lat' dir='ltr'><strong>expressum</strong></span> <span class='ocrx_word' id='word_1_228' title='bbox 679 2977 715 3020; x_wconf 82' lang='lat' dir='ltr'><strong>ex</strong></span> <span class='ocrx_word' id='word_1_229' title='bbox 738 2979 814 3040; x_wconf 89' lang='lat' dir='ltr'><strong>aqua</strong></span> <span class='ocrx_word' id='word_1_230' title='bbox 837 2968 889 3020; x_wconf 88' lang='lat' dir='ltr'><strong>aut</strong></span> <span class='ocrx_word' id='word_1_231' title='bbox 911 2961 979 3020; x_wconf 82' lang='lat' dir='ltr'><strong>vino</strong></span> <span class='ocrx_word' id='word_1_232' title='bbox 1003 2957 1106 3019; x_wconf 89' lang='lat' dir='ltr'><strong>biben-</strong></span> 
     </span>
     <span class='ocr_line' id='line_1_33' title="bbox 93 3047 1106 3129; baseline 0 -21"><span class='ocrx_word' id='word_1_233' title='bbox 93 3047 164 3108; x_wconf 90' lang='lat' dir='ltr'><strong>dum</strong></span> <span class='ocrx_word' id='word_1_234' title='bbox 188 3048 270 3127; x_wconf 85' lang='lat' dir='ltr'><strong>dato,</strong></span> <span class='ocrx_word' id='word_1_235' title='bbox 298 3049 394 3108; x_wconf 91' lang='lat' dir='ltr'><strong>omnia</strong></span> <span class='ocrx_word' id='word_1_236' title='bbox 417 3049 560 3109; x_wconf 90' lang='lat' dir='ltr'><strong>interiora</strong></span> <span class='ocrx_word' id='word_1_237' title='bbox 583 3049 667 3129; x_wconf 83' lang='lat' dir='ltr'><strong>vitia,</strong></span> <span class='ocrx_word' id='word_1_238' title='bbox 695 3067 770 3128; x_wconf 88' lang='lat' dir='ltr'><strong>quae</strong></span> <span class='ocrx_word' id='word_1_239' title='bbox 798 3067 835 3110; x_wconf 82' lang='lat' dir='ltr'><strong>ex</strong></span> <span class='ocrx_word' id='word_1_240' title='bbox 858 3049 969 3127; x_wconf 90' lang='lat' dir='ltr'><strong>frigore</strong></span> <span class='ocrx_word' id='word_1_241' title='bbox 993 3056 1043 3109; x_wconf 89' lang='lat' dir='ltr'><strong>aut</strong></span> <span class='ocrx_word' id='word_1_242' title='bbox 1066 3047 1106 3107; x_wconf 89' lang='lat' dir='ltr'><strong>la·</strong></span> 
     </span>
     <span class='ocr_line' id='line_1_34' title="bbox 93 3136 1107 3218; baseline 0.001 -22"><span class='ocrx_word' id='word_1_243' title='bbox 93 3136 166 3196; x_wconf 92' lang='lat' dir='ltr'><strong>bore</strong></span> <span class='ocrx_word' id='word_1_244' title='bbox 188 3144 239 3197; x_wconf 88' lang='lat' dir='ltr'><strong>aut</strong></span> <span class='ocrx_word' id='word_1_245' title='bbox 257 3139 388 3216; x_wconf 90' lang='lat' dir='ltr'><strong>pectoris</strong></span> <span class='ocrx_word' id='word_1_246' title='bbox 406 3136 612 3198; x_wconf 89' lang='lat' dir='ltr'><strong>lumborumve</strong></span> <span class='ocrx_word' id='word_1_247' title='bbox 635 3136 736 3198; x_wconf 91' lang='lat' dir='ltr'><strong>dolore</strong></span> <span class='ocrx_word' id='word_1_248' title='bbox 758 3145 931 3218; x_wconf 89' lang='lat' dir='ltr'><strong>nascuntur,</strong></span> <span class='ocrx_word' id='word_1_249' title='bbox 950 3139 1025 3198; x_wconf 92' lang='lat' dir='ltr'><strong>mira</strong></span> <span class='ocrx_word' id='word_1_250' title='bbox 1045 3137 1107 3198; x_wconf 89' lang='lat' dir='ltr'><strong>effi·</strong></span> 
     </span>
     <span class='ocr_line' id='line_1_35' title="bbox 93 3225 323 3287; baseline 0.013 -3"><span class='ocrx_word' id='word_1_251' title='bbox 93 3226 174 3285; x_wconf 92' lang='lat' dir='ltr'><strong>cacia</strong></span> <span class='ocrx_word' id='word_1_252' title='bbox 198 3225 323 3287; x_wconf 92' lang='lat' dir='ltr'><strong>sanabis.</strong></span> 
     </span>
    </p>
   </div>
   <div class='ocr_carea' id='block_1_3' title="bbox 94 3359 1128 3573">
    <p class='ocr_par' dir='ltr' id='par_1_12' title="bbox 94 3359 1128 3573">
     <span class='ocr_line' id='line_1_36' title="bbox 184 3359 1106 3430; baseline -0.002 -16"><span class='ocrx_word' id='word_1_253' title='bbox 184 3367 198 3414; x_wconf 92' lang='lat'>1</span> <span class='ocrx_word' id='word_1_254' title='bbox 218 3361 386 3416; x_wconf 82' lang='lat' dir='ltr'><strong>torminosos</strong></span> <span class='ocrx_word' id='word_1_255' title='bbox 405 3361 557 3416; x_wconf 82' lang='lat' dir='ltr'><strong>mandacii.</strong></span> <span class='ocrx_word' id='word_1_256' title='bbox 630 3368 646 3417; x_wconf 87' lang='grc'>9</span> <span class='ocrx_word' id='word_1_257' title='bbox 666 3360 714 3417; x_wconf 88' lang='lat' dir='ltr'><strong>ovi</strong></span> <span class='ocrx_word' id='word_1_258' title='bbox 731 3362 848 3416; x_wconf 82' lang='lat' dir='ltr'><strong>turtum.</strong></span> <span class='ocrx_word' id='word_1_259' title='bbox 916 3365 948 3415; x_wconf 87' lang='lat'><strong>11</strong></span> <span class='ocrx_word' id='word_1_260' title='bbox 967 3359 1106 3430; x_wconf 86' lang='lat' dir='ltr'><strong>porcacla.</strong></span> 
     </span>
     <span class='ocr_line' id='line_1_37' title="bbox 94 3430 1109 3504; baseline -0.006 -16"><span class='ocrx_word' id='word_1_261' title='bbox 94 3432 220 3504; x_wconf 85' lang='lat' dir='ltr'><strong>aspersa]</strong></span> <span class='ocrx_word' id='word_1_262' title='bbox 237 3449 326 3502; x_wconf 87' lang='lat' dir='ltr'><strong>asper.</strong></span> <span class='ocrx_word' id='word_1_263' title='bbox 382 3437 414 3486; x_wconf 91' lang='grc'><strong>12</strong></span> <span class='ocrx_word' id='word_1_264' title='bbox 430 3431 597 3503; x_wconf 87' lang='lat' dir='ltr'><strong>cumplures.</strong></span> <span class='ocrx_word' id='word_1_265' title='bbox 649 3439 682 3487; x_wconf 84' lang='grc'><strong>16</strong></span> <span class='ocrx_word' id='word_1_266' title='bbox 696 3431 928 3487; x_wconf 78' lang='lat' dir='ltr'><strong>habundantiam.</strong></span> <span class='ocrx_word' id='word_1_267' title='bbox 978 3436 1009 3485; x_wconf 75' lang='lat'><strong>1⁷</strong></span> <span class='ocrx_word' id='word_1_268' title='bbox 1024 3430 1109 3499; x_wconf 82' lang='lat' dir='ltr'><strong>rana]</strong></span> 
     </span>
     <span class='ocr_line' id='line_1_38' title="bbox 94 3499 1128 3573; baseline -0.01 -15"><span class='ocrx_word' id='word_1_269' title='bbox 94 3520 161 3558; x_wconf 87' lang='lat' dir='ltr'><strong>anas</strong></span> <span class='ocrx_word' id='word_1_270' title='bbox 181 3505 257 3558; x_wconf 76' lang='lat' dir='ltr'><strong>Plio.</strong></span> <span class='ocrx_word' id='word_1_271' title='bbox 299 3508 332 3557; x_wconf 92' lang='grc'><strong>22</strong></span> <span class='ocrx_word' id='word_1_272' title='bbox 351 3502 474 3572; x_wconf 87' lang='lat' dir='ltr'><strong>iunipiri.</strong></span> <span class='ocrx_word' id='word_1_273' title='bbox 516 3508 550 3558; x_wconf 83' lang='grc'><strong>26</strong></span> <span class='ocrx_word' id='word_1_274' title='bbox 565 3503 731 3573; x_wconf 76' lang='lat' dir='ltr'><strong>gluttinars.</strong></span> <span class='ocrx_word' id='word_1_275' title='bbox 769 3507 804 3557; x_wconf 75' lang='lat' dir='ltr'><strong>‘ii</strong></span> <span class='ocrx_word' id='word_1_276' title='bbox 822 3499 1128 3572; x_wconf 56' lang='lat' dir='ltr'><strong>globuluspmoxoa.</strong></span> 
     </span>
    </p>
   </div>
   <div class='ocr_carea' id='block_1_4' title="bbox 144 3590 978 3655">
    <p class='ocr_par' dir='ltr' id='par_1_13' title="bbox 144 3590 978 3655">
     <span class='ocr_line' id='line_1_39' title="bbox 144 3590 978 3655; baseline 0.016 -14"><span class='ocrx_word' id='word_1_277' title='bbox 144 3603 303 3655; x_wconf 74' lang='lat' dir='ltr'><strong>Mnacnnnns,</strong></span> <span class='ocrx_word' id='word_1_278' title='bbox 316 3612 356 3645; x_wconf 76' lang='lat' dir='ltr'><strong>an.</strong></span> <span class='ocrx_word' id='word_1_279' title='bbox 370 3602 531 3647; x_wconf 71' lang='lat' dir='ltr'><strong>Hnnmroa.</strong></span> <span class='ocrx_word' id='word_1_280' title='bbox 938 3590 978 3639; x_wconf 48' lang='grc' dir='ltr'>Ἢ</span> 
     </span>
    </p>
   </div>
   <div class='ocr_carea' id='block_1_5' title="bbox 0 0 1224 3802">
    <p class='ocr_par' dir='ltr' id='par_1_14' title="bbox 0 0 1224 3802">
     <span class='ocr_line' id='line_1_40' title="bbox 0 0 1224 3802; baseline 0 0"><span class='ocrx_word' id='word_1_281' title='bbox 0 0 1224 3802; x_wconf 95' lang='lat' dir='ltr'><strong> </strong></span> 
     </span>
    </p>
   </div>
  </div>
 </body>
</html>
