2438 3802
489 91 709 155 ..65-

92 255 239 334 physica
273 253 426 313 diversa.
478 252 523 313 hd
555 252 691 313 lacrimas
725 262 755 314 et
786 261 919 314 tumores
952 255 1107 317 oculorum
1127 269 1178 318 20»

92 343 279 423 lippientium
308 341 532 419 restringendos
561 349 759 402 atramentum
790 345 979 423 sutoricium,
1007 345 1035 405 id
1063 354 1109 406 est

92 431 300 492 chalcanthum
320 429 412 489 viride
433 432 588 509 cyprinum
609 429 716 490 tondes
736 438 765 491 et
785 430 931 491 cribrabis
950 441 979 492 et
998 433 1108 494 factum

93 519 299 580 mollissimum
322 517 475 596 pulverem
499 537 534 577 ex
559 520 606 578 ovi
629 520 738 579 iucocti
758 518 833 599 albo,
856 520 886 579 id
910 530 955 580 est
978 521 1108 603 lacrimo,

64 625 274 688 sconspcrges
294 615 323 667 et
342 607 432 666 iacies
451 606 581 688 collyria,
606 625 680 685 quae
700 609 730 666 in
750 607 854 667 umbra
875 608 1000 669 siccabis
1019 619 1108 690 atque

90 697 160 756 inde
184 695 339 775 palpebras
359 696 486 773 inunges
510 703 540 754 et
563 703 696 773 tempora
715 695 831 756 inlines.
869 695 901 757 Si
920 715 955 757 ex
975 707 1108 760 reumate

91 784 212 844 lacrima
238 783 390 845 abundans
415 791 472 863 est,
501 785 549 843 ovi
571 783 636 843 albo
661 783 816 863 collyrium
840 785 1029 864 temperabis.
1076 787 1108 847 Si

91 872 238 951 lippitudo
263 881 291 932 et
315 874 467 951 sanguinis
490 872 601 932 inlusio
625 880 684 952 est,
708 890 744 932 ex
767 882 851 933 aceto
875 874 1054 954 temperabis
1078 885 1108 936 et

92 962 222 1040 desuper
246 960 347 1021 oculos
372 960 570 1041 circumlines,
594 963 635 1021 ita
660 970 692 1021 ut
716 960 789 1023 nihil
811 964 938 1023 interius
960 963 997 1022 de
1016 964 1108 1024 medi-

50 1071 77 1110 1o
92 1052 206 1111 camine
225 1050 424 1130 ingrediatur,
443 1059 576 1128 tempora
596 1067 714 1128 quoque
733 1049 861 1110 dolentis
880 1051 984 1111 eodem
1004 1070 1106 1131 super·

91 1139 174 1199 lines.
220 1138 356 1199 Brassica
384 1138 476 1198 cruda
504 1140 573 1198 trita
603 1156 671 1198 cum
695 1156 769 1216 pane
794 1139 919 1200 candido
943 1139 1107 1202 madefacto
1127 1153 1160 1202 21

93 1226 213 1288 subacta
242 1246 275 1287 ac
302 1228 394 1286 fronti
417 1227 499 1287 inlita
528 1226 660 1286 dolorem
688 1225 844 1287 oculorum
870 1228 1032 1307 plurimum
1061 1248 1108 1290 re·

92 1315 176 1377 levet.
222 1315 404 1376 Medicamen
433 1316 469 1375 ad
493 1314 613 1376 oculum
637 1315 751 1376 diutina
774 1315 951 1395 lippitudine
975 1317 1021 1377 221
1044 1321 1105 1398 epi·
1126 1331 1160 1380 22

92 1404 184 1482 phora
217 1404 400 1464 laborantem
428 1405 608 1464 intrinsecus
637 1403 816 1464 curandum:
848 1403 968 1484 Lapidis
995 1410 1109 1485 gagatis

50 1485 133 1578 152·
166 1492 205 1552 111
238 1494 364 1574 tundes,
403 1491 548 1552 cribrabis
586 1501 616 1553 et
647 1511 722 1572 aqua
755 1492 876 1572 pluviali
908 1493 953 1554 221
988 1494 1108 1556 fontana

92 1600 285 1660 consparsum
313 1581 467 1661 pulverem
490 1581 635 1661 liquidum
658 1582 762 1661 facies,
794 1581 900 1643 deinde
924 1584 956 1643 in
980 1583 1107 1662 ampulla

91 1672 184 1730 vitrea
218 1688 358 1751 repones;
391 1689 458 1730 cum
492 1688 615 1730 necesse
648 1670 751 1751 fuerit,
783 1672 873 1748 pinna
906 1670 1034 1750 aquilina
1062 1672 1108 1732 vel

92 1758 259 1818 columbina
283 1758 465 1819 laborantem
489 1757 608 1819 oculum
632 1761 795 1836 inungues:
825 1777 883 1837 quo
906 1759 984 1820 facto
1008 1770 1037 1821 et
1061 1780 1106 1822 ca·

92 1846 212 1925 liginem
232 1856 261 1908 et
278 1848 410 1907 inlusum
425 1849 598 1925 sanguinem
613 1845 767 1923 absterges
782 1845 997 1926 clarioremque
1013 1852 1107 1911 visum

49 1957 77 1996 so
93 1938 241 1997 restitues.
286 1935 409 1995 Dolores
437 1934 591 1995 oculorum
615 1943 749 2013 tempore
773 1932 880 1994 hiemis
903 1935 1013 2013 frigore
1037 1955 1105 1997 con·
1125 1950 1159 1999 23

93 2032 204 2084 tractos
228 2023 354 2103 qualiter
378 2041 483 2084 curare
507 2021 629 2083 debeas:
653 2020 801 2082 Concham
825 2040 942 2082 aeream
966 2023 1002 2083 de
1022 2024 1108 2085 melle

93 2111 158 2172 albo
179 2113 297 2174 abintus
315 2130 449 2191 perunge
468 2119 560 2172 totam
580 2110 763 2190 eandemque
782 2129 871 2189 supra
891 2121 1024 2190 gastrum
1044 2112 1109 2174 lotii

93 2201 185 2261 virilis
215 2221 251 2261 ex
279 2221 312 2261 ea
341 2210 437 2281 parte,
471 2219 528 2280 qua
557 2199 643 2260 melle
670 2199 753 2261 inlita
782 2209 841 2280 est,
874 2218 1043 2280 superpone
1072 2203 1107 2262 ad

93 2288 197 2349 lotium
226 2309 330 2350 versus
358 2297 389 2350 et
411 2308 465 2368 per
488 2290 552 2350 dies
575 2287 656 2349 XXX
680 2289 725 2350 bis
749 2291 779 2349 in
803 2288 851 2350 die
875 2288 980 2351 lotium
1003 2293 1109 2370 agitari

51 2398 78 2439 se
94 2378 195 2459 tacito,
225 2387 257 2439 ut
280 2381 376 2453 omnis
400 2379 474 2438 odor
496 2377 542 2439 221
565 2379 700 2438 acritudo
723 2379 788 2439 lotii
811 2387 842 2439 et
865 2381 960 2440 virtus
983 2383 1048 2442 eius
1071 2381 1108 2442 ad

93 2467 151 2527 mel
178 2471 208 2528 in
238 2467 350 2528 concha
377 2467 509 2547 haereat,
537 2475 640 2544 postea
663 2467 750 2528 rades
774 2467 917 2528 concham
942 2471 1050 2552 ipsam,
1077 2470 1107 2531 id

94 2563 139 2615 est
162 2555 241 2634 quod
265 2555 351 2616 melle
375 2555 491 2616 inlitum
516 2555 622 2635 luerat,
645 2565 676 2616 et
697 2574 832 2617 rasuram
853 2557 962 2618 tundes
981 2560 1012 2618 in
1031 2577 1107 2619 mor-

93 2646 168 2704 tario
192 2652 222 2704 et
246 2644 391 2705 cribrabis
415 2645 465 2704 diu
490 2653 519 2703 et
542 2662 671 2722 repones
689 2646 720 2705 in
739 2643 866 2723 ampulla
886 2644 931 2706 221
950 2648 1043 2707 vitrea
1062 2647 1108 2707 221

94 2750 215 2814 cyprea3
238 2752 306 2794 cum
329 2751 450 2793 necesse
471 2733 570 2810 suerit,
593 2749 629 2790 ex
648 2731 734 2791 melle
753 2731 934 2809 temperabis
954 2742 984 2794 et
1002 2737 1107 2795 intrin-

52 2839 80 2880 so
95 2838 181 2882 secus
211 2822 328 2883 oculum
352 2837 515 2899 perunges,
544 2816 677 2877 mirabile
701 2818 867 2878 remedium
891 2823 1053 2897 experieris
1076 2824 1108 2881 in

93 2910 231 2971 omnibus
251 2911 343 2971 lerme
364 2907 517 2969 oculorum
533 2907 621 2965 etiam
635 2904 821 2983 gravioribus
837 2909 942 2965 causis.
971 2907 1108 2989 Gramen,
1127 2921 1164 2968 24

93 3000 172 3077 quod
197 3002 227 3059 in
252 3016 367 3060 summo
392 2994 547 3058 trisulcum
571 2991 699 3072 habebit,
723 2992 916 3052 decrescente
939 2992 1008 3054 iuna
1032 2996 1108 3055 radi·

93 3088 170 3149 citus
195 3087 344 3149 sublatum
369 3082 641 3165 quamplurimum
665 3100 790 3163 repone,
817 3081 923 3142 deinde
947 3100 982 3142 ex
1007 3083 1108 3144 multis

92 3194 185 3237 unum
214 3179 386 3256 airspicante
416 3172 593 3253 lippitudine
621 3170 656 3232 ad
681 3170 790 3233 collum
814 3170 941 3252 subliga,
970 3171 1109 3233 celeriter

167 3381 342 3452 lphoesica.
400 3381 638 3451 irefringendos.
699 3378 868 3437 scribelile.
934 3385 977 3433 tx
993 3379 1132 3433 eosdm.

95 3459 128 3508 1⁷
147 3453 234 3522 pinna
253 3459 269 3508 1
276 3471 302 3508 m
319 3469 413 3524 penne
430 3458 489 3509 2m.

144 3551 302 3604 Miremur,
317 3563 355 3594 ιο.
370 3554 534 3601 Hanunea.
973 3544 999 3594 b
