2438 3802
520 118 759 181 -112-

130 291 160 342 et
188 282 343 342 formatam
371 281 493 360 pilulam
520 280 679 341 rotundam
702 280 825 341 naribus
848 282 977 362 inseres3
1004 281 1147 342 omnibus

77 379 111 429 66
131 374 209 431 vitiis
231 378 373 450 purgatas
397 389 484 431 nares
504 373 563 430 cito
582 369 618 430 ad
638 371 794 430 sanitatem
812 369 968 449 perduces.
1000 369 1147 450 Polypum

130 460 267 520 emendat
284 459 376 519 herba
396 458 618 540 proserpinalis,
638 477 713 538 quae
728 458 839 519 Graece
859 459 1061 539 draconteum,
1079 458 1146 520 Gal·

129 549 185 609 lice
209 551 329 627 gigarus
352 547 525 627 appellatur,
548 546 595 607 vel
619 549 645 607 si
668 566 758 608 sucus
782 550 846 608 eius
868 547 990 608 naribus
1009 547 1146 608 infunda-

130 647 179 698 tur
202 639 247 698 vel
276 639 302 697 si
330 655 459 715 papyrus
488 636 556 696 inde
580 637 690 696 inlecta
713 644 744 696 et
767 636 887 714 specillo
911 637 1041 696 involuta
1065 639 1174 697 nari-s

130 726 187 786 bus
206 728 356 786 inseratur
375 733 405 785 et
423 733 541 804 postera
561 724 609 785 die
629 725 790 785 educatur>
820 724 930 786 Omnes
949 727 1029 785 euim
1049 725 1147 785 morbi

77 822 110 870 69
130 814 245 874 radices
270 814 386 874 extrahi
404 818 468 875 eius
488 816 648 874 iniectione
666 814 856 874 manifestum
876 821 929 874 est.
966 813 1060 874 Nares
1080 832 1146 892 gra-

130 905 205 963 viter
233 903 348 963 olentes
377 903 512 964 emendat
540 921 630 963 sucus
658 902 785 963 hederae
817 902 990 980 frequenter
1017 903 1146 963 inlusus.

78 999 112 1048 60
131 991 222 1051 Cuius
246 1010 333 1052 nares
357 992 504 1072 letebuut,
533 991 759 1071 remediabitur,
789 992 815 1050 si
842 1009 928 1050 nares
957 991 1031 1051 muli
1059 1010 1146 1052 oscu-

130 1079 224 1162 letur3
248 1081 385 1141 similiter
408 1080 542 1160 proderit
560 1079 688 1159 mulieri,
712 1081 843 1139 sineres
862 1079 958 1139 mulae
978 1079 1186 1142 basiaverit.1o

78 1176 110 1224 61
131 1168 190 1239 Qui
212 1170 352 1250 polypum
376 1173 497 1249 patitur,
520 1169 669 1229 brassicae
694 1170 837 1228 erraticae
859 1167 988 1228 radicem
1009 1177 1147 1229 conterat

131 1269 161 1319 et
189 1261 253 1320 eius
282 1278 387 1319 sucum
415 1258 537 1318 adsidue
567 1256 688 1318 naribus
717 1265 861 1336 quantum
890 1259 1023 1336 potuerit
1046 1257 1146 1339 ducat,

78 1353 111 1401 62
130 1349 208 1408 intra
236 1348 369 1409 triduum
397 1346 618 1408 remediabitur.
661 1346 772 1407 Sucum
800 1345 928 1406 hederae
956 1355 986 1406 et
1009 1347 1145 1406 aristolo-

130 1438 205 1496 ciam
230 1447 259 1497 et
283 1455 424 1516 cyperum
443 1444 474 1496 et
493 1436 669 1496 draconteae
689 1454 790 1495 semen
810 1443 840 1495 et
858 1433 1021 1495 melilotum
1040 1438 1146 1514 aequis

130 1527 279 1586 mensuris
299 1532 419 1584 contere
440 1543 473 1584 ac
493 1523 615 1583 naribus
633 1523 769 1604 inlunde;
793 1542 851 1602 quo
871 1523 948 1583 iacto
968 1542 1028 1583 uon
1047 1523 1188 1585 solum1s

77 1619 109 1667 63
130 1615 268 1691 fetorem,
297 1613 348 1672 sed
378 1613 467 1672 etiam
496 1629 652 1672 cancroma
676 1614 792 1672 narium
816 1611 942 1672 ctrrabis
982 1612 1059 1672 Naso
1079 1631 1146 1691 gra·

129 1704 207 1762 viter
230 1701 327 1761 olente
347 1719 437 1761 sucus
455 1700 584 1761 hederae
604 1700 777 1778 frequenter
795 1701 972 1779 infunditur,
991 1702 1145 1762 dracontei

130 1808 250 1868 quoque
274 1808 366 1850 sucus
389 1807 458 1850 cum
481 1788 567 1849 melle
590 1789 713 1868 inditur,
737 1807 812 1868 quae
835 1807 885 1849 res
905 1793 992 1850 etiam
1011 1792 1145 1850 carcino-

77 1885 110 1934 64
130 1887 207 1938 mata
235 1881 370 1959 extirpet.
416 1877 506 1939 Ficus
534 1880 623 1938 etiam
653 1886 768 1938 veteres
796 1880 940 1938 contritae
971 1887 1001 1939 et
1029 1881 1059 1938 in
1087 1879 1145 1940 olla

130 1986 199 2027 cum
222 1987 311 2046 posca
335 1975 436 2029 coctae
460 1967 582 2028 naribus
605 1969 799 2048 instipantur3
825 1966 882 2028 hoc
905 1970 1003 2027 omnia
1026 1969 1145 2028 narium
1160 1987 1188 2027 ao

77 2064 111 2113 66
130 2059 200 2117 vitia
224 2059 369 2119 emendat.
415 2057 491 2118 Ruta
515 2075 551 2117 cx
575 2065 657 2117 aceto
681 2059 742 2117 acri
766 2057 932 2117 conteritur
958 2064 1046 2134 atque
1074 2057 1145 2117 inde

130 2149 251 2224 pinnula
270 2149 462 2226 intinguitur3
486 2165 519 2206 ea
538 2148 570 2205 in
588 2163 675 2205 nares
699 2147 833 2205 coniecta
856 2147 1029 2223 sanguinem
1049 2144 1144 2206 tlueu-

77 2243 110 2292 66
130 2243 190 2294 tem
214 2237 374 2296 efficaciter
397 2233 523 2295 cohibet.
562 2233 685 2293 Stercus
706 2235 805 2293 asinae
824 2234 939 2294 aridum
959 2233 1080 2294 naribus
1101 2237 1145 2295 in-

130 2323 250 2382 frictum
279 2325 452 2399 sanguinem
481 2324 546 2380 sine
573 2322 793 2381 intermissione
820 2321 962 2382 fluentem
991 2325 1050 2382 cito
1073 2342 1143 2384 con-

77 2419 110 2467 61
130 2412 234 2488 pescit.
281 2410 404 2470 Stercus
432 2408 608 2469 caballinum
637 2411 826 2486 exprimitur,
855 2411 925 2471 dum
952 2430 1059 2471 recens
1088 2424 1143 2486 est,
1158 2431 1185 2470 ss

130 2499 254 2575 eiusque
287 2515 378 2558 sucus
405 2496 528 2557 naribus
556 2497 684 2558 trahitur
717 2496 753 2557 ab
786 2516 833 2579 eo,
871 2503 919 2560 cui
952 2503 1143 2578 inportunius

77 2595 110 2645 68
130 2586 235 2646 fluunt.
281 2586 421 2646 Radicem
445 2585 606 2666 symphyti,
637 2585 716 2665 quod
745 2585 823 2647 alum
851 2587 995 2648 Gallicum
1024 2589 1143 2670 dicitur,

77 2685 110 2734 69
131 2675 358 2736 commanducet
381 2682 411 2735 et
434 2674 539 2754 glutiat
563 2677 615 2754 qui
633 2674 777 2754 profluvio
801 2678 918 2737 narium
941 2676 1064 2738 laborat.
1098 2677 1140 2737 Ad

130 2783 232 2824 aurem
260 2765 393 2826 eiusdem
421 2766 527 2844 partis,
558 2763 595 2824 de
623 2783 680 2843 que
708 2782 762 2842 per
790 2783 890 2826 narem
919 2769 1040 2844 sanguis
1068 2766 1143 2845 fluit,

130 2854 190 2914 dici
212 2863 330 2934 oportet
352 2864 399 2916 ter
422 2856 525 2915 novies
549 2872 698 2932 σοκσοκαμ
721 2870 851 2932 συκυμα;
875 2857 962 2914 etiam
981 2864 1085 2933 postea
1105 2857 1142 2915 si·
1157 2872 1184 2912 so

77 2953 110 3002 το
129 2944 240 3006 militer
263 2945 352 3006 dices.
399 2944 519 3005 Scribes
546 2945 577 3004 in
605 2943 706 3004 charta
730 2946 842 3021 virgine
866 2953 896 3004 et
919 2942 994 3003 collo
1018 2961 1143 3022 suspen·

130 3033 182 3094 des
206 3034 266 3094 lino
290 3034 358 3095 rudi
381 3033 504 3112 ligatum
529 3033 624 3094 tribus
648 3031 734 3092 nodis
760 3034 799 3112 ei,
827 3035 879 3109 qui
906 3031 1052 3109 profluvio
1077 3050 1143 3092 san·

77 3130 109 3179 ‘11
129 3125 228 3200 guinis
241 3123 369 3183 laborat:
386 3133 820 3201 ψαψεψηψεψηψαψε.
841 3119 873 3180 Si
887 3122 917 3179 in
933 3139 1022 3181 manu
1037 3120 1142 3181 dextra

200 3279 217 3327 4
241 3273 265 3328 si
288 3291 338 3329 om.
362 3279 426 3328 ante
449 3289 538 3328 sucus.
630 3277 646 3326 5
672 3272 792 3341 spicillo.
884 3279 916 3328 13
941 3272 1141 3328 aristolocium.

130 3349 163 3398 19
183 3345 318 3415 extirpet]
338 3343 463 3411 exurpat.
545 3342 631 3396 ollam
651 3359 712 3397 com
731 3359 825 3412 posce.
907 3349 941 3398 22
960 3343 1143 3416 intinguitur]

129 3413 278 3538 ffiffi,
342 3411 929 3484 6666166666(66666616616611.
1010 3421 1043 3469 31
1064 3415 1143 3470 dicis.
