2438 3802
482 161 723 225 -271-

180 323 224 385 Ad
245 323 392 385 calculum
410 325 492 402 potio
512 322 639 384 salubris
659 323 817 384 coniicitur
835 325 892 386 sic:
912 323 1020 384 Semeu
1035 326 1102 406 apii,
1110 343 1160 394 135

89 415 230 496 libystici,
253 412 385 492 feniculi,
408 412 509 473 anethi
533 415 635 492 aequis
656 414 808 474 mensuris
834 415 939 474 tritum
962 415 1107 474 miscetur

90 513 122 566 et
144 502 255 564 herbae
280 501 443 580 saxifragae
467 519 558 580 grana
581 500 619 583 V;
647 503 760 563 cumini
782 519 873 580 grana
896 503 966 582 tria,
993 503 1106 580 piperis

90 611 182 673 grana
201 590 233 674 V,
256 590 404 651 verbenae
428 590 497 651 lolia
519 592 578 651 tria
601 599 631 652 et
653 590 722 652 salis
745 589 951 670 permodicum
970 589 1105 650 adicitur.

60 701 75 744 5
90 682 136 742 Ex
151 679 290 742 omnibus
304 687 404 741 autem
419 679 582 740 seminibus
598 698 688 758 supra
703 681 822 758 scriptis
836 679 998 758 aequaliter
1014 697 1105 758 quan-

90 779 157 832 tum
184 768 282 830 tribus
312 769 426 850 digitis,
453 769 484 829 id
514 777 561 829 est
587 768 694 847 pollice
722 777 753 829 et
775 768 812 828 ab
836 768 940 828 eodem
963 770 1051 828 tertio
1076 776 1106 828 et

91 866 209 940 quarto,
230 857 322 918 levari
344 865 452 936 potest,
475 859 613 939 mittitur,
637 857 743 917 deinde
766 865 906 918 teruntur
925 859 1022 917 omnia
1042 857 1105 917 dili-

91 953 211 1028 genter3
238 953 341 1025 postea
365 946 492 1006 adicitur
516 947 635 1006 caroeni
658 947 763 1025 optimi
785 947 867 1024 potio
891 946 1019 1025 grandis
1060 946 1106 1006 dd

90 1037 168 1097 hanc
197 1053 266 1096 sane
294 1036 446 1114 potionem
473 1034 655 1095 miscendam
687 1034 802 1094 radices
833 1052 1041 1113 asparagorum
1076 1042 1106 1094 et

48 1145 77 1185 ro
91 1127 152 1204 apii
175 1131 205 1185 et
228 1123 329 1184 anethi
356 1132 385 1184 et
411 1122 534 1184 feniculi
557 1122 634 1184 lotae
658 1122 882 1202 diligentissime
905 1125 937 1183 in
961 1125 1105 1183 sextarios

91 1231 185 1293 aquae
204 1213 315 1273 nitidae
333 1214 503 1292 mittuntur,
521 1210 563 1272 ita
581 1221 616 1273 ut
634 1213 749 1272 radices
766 1214 848 1290 ipsae
862 1219 1002 1289 tegantur
1020 1229 1105 1291 aqua,

92 1311 182 1381 atque
209 1303 241 1362 in
269 1300 326 1362 olla
353 1301 429 1362 rudi·
450 1308 621 1380 coquuntur
648 1301 684 1361 ad
712 1302 824 1361 tertias.
866 1299 910 1358 Ex
933 1302 998 1377 ipsa
1021 1317 1105 1380 aqua,

93 1391 147 1452 sed
175 1390 268 1452 calida
294 1389 446 1451 miscenda
474 1393 555 1468 potio
583 1391 704 1451 caroeni
729 1398 759 1450 et
781 1387 953 1466 accipienda
976 1406 1030 1466 per
1052 1389 1104 1448 tri·
1190 1444 1198 1461 ,

92 1479 197 1560 duum,
226 1479 380 1540 sufficiunt
406 1487 504 1540 autern
528 1480 586 1539 duo
609 1479 699 1540 huius
722 1496 815 1558 aquae
839 1478 960 1538 sextarii
983 1477 1019 1536 ad
1043 1484 1105 1537 tres

50 1589 77 1630 ω
92 1570 213 1630 caroeni
235 1568 414 1630 maiusculas
437 1569 582 1648 potiones.
625 1567 683 1628 Sed
708 1569 734 1627 si
757 1568 919 1627 necessitas
938 1567 1104 1644 praesentis

91 1657 204 1718 doloris
223 1660 364 1738 exegerit,
384 1675 438 1736 per
457 1657 590 1717 triduum
609 1658 785 1718 continuum
804 1655 966 1736 dabuntur,
990 1657 1104 1715 sivero

91 1749 159 1826 quis
186 1748 289 1806 timeat
316 1746 521 1807 tantummodo
550 1745 667 1806 dolores
696 1763 785 1824 supra
815 1747 942 1822 scriptos
975 1752 1026 1805 aut
1054 1742 1104 1804 ali·

91 1834 210 1914 quando
233 1835 403 1915 pertulerit,
431 1837 557 1912 accipiet
584 1837 672 1903 etiam
701 1853 790 1896 sanus
813 1833 870 1894 hoc
893 1833 979 1893 modo
1003 1839 1104 1892 vetere

90 1923 162 1984 luna
192 1931 255 1985 tres
287 1931 403 1985 tantum
435 1923 532 1985 tribus
564 1923 717 1984 mensibus
751 1922 881 2002 singulas
909 1923 1045 2000 potiones
1074 1929 1105 1982 et

49 2033 77 2073 ao
91 2013 202 2090 iugiter
225 2022 328 2073 contra
351 2013 432 2074 hunc
454 2011 592 2072 morbum
616 2015 674 2072 erit
697 2020 780 2073 tutus
804 2019 833 2072 et
857 2029 955 2071 sanus.

490 2207 579 2269 clu:
592 2206 706 2268 XXVll.

89 2318 234 2387 &lisois
257 2322 293 2375 oc
315 2319 532 2388 dysintericis
552 2322 587 2375 et
608 2318 803 2375 torminosis
827 2308 869 2372 ec'
883 2318 926 2373 cd
945 2316 1104 2373 intestino

87 2410 193 2478 rupto
221 2411 255 2464 et
284 2409 329 2464 ad
356 2408 508 2465 internos
535 2410 673 2465 morbos
699 2410 803 2479 etque
826 2405 1104 2463 incontinentiam

128 2497 288 2554 stercoris
310 2498 460 2554 remedio
481 2498 622 2568 physica
644 2500 679 2554 et
701 2496 914 2553 rationabilia
936 2495 1069 2551 diversa

445 2587 488 2642 de
510 2585 748 2657 expermontls.

179 2721 318 2784 Pastillus
347 2724 384 2784 ad
412 2723 557 2784 coeliacos
586 2733 615 2784 et
640 2725 820 2784 torminosos
844 2723 954 2800 optime
978 2721 1137 2787 faciens21

90 2811 224 2892 Acaciae,
243 2811 377 2891 balausti,
396 2813 426 2873 id
446 2820 492 2872 est
510 2811 579 2871 mali
598 2814 721 2891 granati,
741 2811 821 2891 quod
840 2813 957 2890 cytinus
974 2817 1103 2888 vocatur,

90 2917 222 2982 germen,
246 2908 403 2980 antequam
425 2900 572 2978 florescat,
595 2898 806 2980 hypocistidos,
830 2902 899 2979 opii,
918 2897 1103 2976 singulorum

90 2987 229 3050 denarios
253 2991 373 3070 quinos,
397 2988 512 3068 alterci,
536 2997 635 3050 cretae
660 2988 784 3070 Samiae,
807 2988 991 3067 singulorum
1015 2986 1103 3047 dena·
1153 2979 1163 2996 ⁴

47 3096 76 3138 rs
90 3078 153 3138 rios
176 3096 273 3139 senos.
303 3077 357 3138 llis
379 3077 456 3138 bene
480 3079 577 3139 tunsis
596 3085 626 3138 et
645 3079 734 3138 cretis
754 3095 790 3137 ex
809 3079 876 3137 vino
895 3084 1009 3156 myrteo
1029 3077 1104 3136 liunt

181 3247 342 3304 crinistici.
390 3256 514 3318 3grana
533 3248 570 3320 V]
590 3247 710 3319 manati.
765 3246 833 3319 tria]
852 3249 918 3302 ires.
963 3245 1102 3316 Boaryni.

92 3325 125 3375 18
143 3319 247 3389 caryni.
323 3325 357 3374 14
375 3319 559 3375 sufficiuntur.
634 3324 666 3374 15
687 3319 791 3389 caryni.

179 3392 238 3447 tia:
257 3390 390 3447 internus.

180 3467 213 3516 21
234 3461 361 3535 celiaoos.
439 3467 472 3517 22
493 3460 604 3532 cytinus
623 3461 736 3532 scripsi:
755 3462 889 3530 cytinum.
962 3465 995 3514 23
1013 3458 1102 3526 hypo-

91 3531 224 3604 oystidos.
296 3538 332 3588 24
350 3533 529 3591 denariorum
547 3534 621 3606 (bic).
693 3533 807 3593 samito.
