2438 3802
524 129 760 195 -286-

134 294 232 356 voluta
254 312 353 373 panno
376 293 468 355 rubro
492 300 608 372 portata
631 291 668 352 ab
692 309 740 373 eo,
764 294 814 353 cui
836 293 968 354 remedio
991 311 1071 373 opus
1095 303 1149 377 est,

79 394 112 445 88
132 383 311 463 profluvium
334 384 449 444 ventris
472 384 537 442 eius
560 379 715 442 inhibebit.
761 381 850 442 Betae
874 381 1038 443 conbustae
1064 386 1148 444 etin

132 473 286 552 pulverem
308 473 447 533 redactae
470 478 559 550 atque
583 469 723 530 subactae
747 489 815 531 cum
837 479 920 531 aceto
939 479 969 532 et
987 489 1005 531 a
1023 480 1149 550 pectore

132 562 294 623 laborantis
321 562 478 639 inguinum
505 566 593 619 tenus
621 559 721 619 inlitae
750 559 928 620 validissime
955 559 1150 639 adstringunt

78 663 112 713 89
131 651 309 730 profluvium
324 649 579 726 deiectionemque
594 650 713 708 ventris.
743 647 804 708 Ros
818 650 966 710 marinum
980 667 1050 709 cum
1066 658 1174 711 888188

132 738 213 799 molli
239 740 344 798 tritum
373 744 403 796 et
430 755 498 796 cum
526 743 609 796 aceto
636 736 754 797 modico
780 739 879 798 ventri
900 739 1068 816 inpositum
1093 739 1150 800 alvi

78 842 112 890 9ο
131 826 311 904 profluvium
339 827 427 885 sistit.
468 824 546 885 Rubi
574 827 677 904 spinae
704 825 821 886 radices
849 833 879 886 et
906 825 1026 887 coliculi
1048 831 1149 888 teneri

132 933 199 975 cum
228 917 295 974 vino
322 914 447 973 Amineo
475 922 594 975 austero
622 913 659 974 ad
687 916 790 975 tertias
819 915 1029 994 decoquuntur
1057 925 1148 996 atque

132 1022 168 1063 cx
192 1021 227 1063 eo
250 1004 319 1063 vino
342 1002 465 1082 cyathus
489 1003 525 1063 ad
550 1003 628 1063 diem
649 1004 749 1063 ieiuno
769 1005 882 1064 ventris
900 1003 1047 1084 profluvio
1067 1004 1148 1066 labo-

131 1095 210 1153 ranti
232 1094 317 1171 potui
340 1091 427 1152 datus
450 1093 560 1170 optime
584 1090 760 1152 medebitur.
1162 1106 1185 1147 10

78 1195 109 1243 91
220 1180 319 1241 Herba
342 1180 532 1260 oxylapathos
556 1199 624 1242 cum
649 1183 761 1240 semine
785 1200 839 1241 suo
863 1181 945 1242 arida
964 1183 1096 1244 contrita
1119 1191 1150 1244 et

131 1289 167 1330 ex
195 1272 263 1330 vino
292 1269 386 1331 calido
415 1278 483 1348 pota
506 1287 645 1348 magnum
668 1270 901 1330 incontinentiae
925 1272 1038 1331 ventris
1061 1289 1148 1350 prae·

77 1367 190 1422 998181
217 1359 390 1420 remedium.
432 1358 525 1419 Pruni
553 1357 678 1419 silvatici
703 1357 791 1418 bacas
815 1361 1017 1438 corticemque
1041 1377 1078 1420 ac
1102 1379 1148 1421 ra·

131 1448 227 1509 dicem
256 1450 321 1508 eius
345 1447 460 1506 arboris
483 1449 514 1506 in
538 1465 632 1507 unum
655 1434 691 1507 ex
714 1449 782 1507 vino
807 1447 843 1507 ad
867 1450 971 1508 tertias
994 1447 1148 1529 decoques

131 1545 220 1616 atque
248 1554 284 1596 ex
312 1554 346 1596 eo
375 1535 507 1612 singulos
535 1536 656 1614 cyathos
684 1536 720 1596 ad
746 1536 825 1597 diem
849 1536 1023 1597 deiectionis
1046 1538 1147 1599 taedio
1161 1551 1186 1593 15

77 1638 111 1686 93
132 1624 279 1686 laboranti
306 1626 407 1685 ieiuno
435 1625 520 1702 potui
546 1623 638 1684 dabis,
679 1624 736 1685 lris
765 1625 892 1705 lllyrica,
919 1625 950 1686 id
979 1633 1024 1684 est
1049 1625 1148 1688 Maee-

131 1715 245 1794 donica,
269 1732 344 1793 quae
368 1713 459 1773 suerit
482 1714 649 1792 gravissimi
670 1713 820 1794 ponderis
844 1713 1046 1774 contundatur
1066 1718 1148 1776 etin

129 1803 283 1880 pulverem
301 1801 464 1863 cribratum
487 1803 754 1880 tenuissimumque
773 1794 926 1881 redigatbr
945 1810 1035 1882 atque
1053 1822 1092 1865 ex
1112 1822 1146 1865 eo

131 1909 270 1952 mensura
298 1890 438 1953 acitabuli
465 1894 555 1953 unius
583 1891 729 1952 dimidiati
757 1909 824 1952 cum
853 1893 933 1970 passi
961 1891 1057 1971 cotyla
1088 1911 1146 1954 una

129 1982 346 2057 permisceatur
374 1988 404 2042 ct
427 1983 592 2060 coagitetur
616 1988 704 2059 atque
727 1979 796 2039 inde
821 1979 955 2040 cocleare
978 1999 1073 2042 unum
1098 2000 1146 2062 cy·
1160 1994 1183 2034 2⁰

129 2068 204 2130 11888
232 2088 318 2130 mane
346 2072 446 2131 ieiuno
475 2070 575 2150 detur,
602 2071 644 2130 118
671 2076 705 2130 ut
733 2076 762 2128 81
796 2087 813 2128 8
842 2087 915 2130 cena
942 2068 1145 2152 abstineatur3

129 2159 254 2218 mirifice
277 2159 419 2237 proderit.

76 2256 111 2306 94
220 2246 251 2305 si
278 2248 346 2324 quis
369 2248 514 2306 tortiones
538 2245 637 2306 subito
660 2248 722 2324 pati
746 2247 879 2324 coeperit
902 2246 938 2307 de
962 2249 1076 2307 ventris
1101 2251 1145 2310 ni-

128 2335 262 2413 mietate,
289 2333 381 2410 pedes
410 2351 479 2393 suos
508 2336 539 2393 in
562 2351 637 2411 aqua
661 2333 838 2393 calidissima
863 2354 951 2413 quam
975 2335 1144 2398 diutissime

128 2428 237 2499 teneat,
261 2422 360 2480 statim
384 2419 544 2480 sanabitur.
1158 2439 1184 2480 88

75 2520 109 2569 95
218 2507 398 2585 Sanguinem
428 2527 593 2588 caprunum
621 2511 648 2568 si
674 2509 810 2587 polentae
838 2511 1005 2572 furfuribus
1028 2513 1145 2575 adiecta

128 2595 228 2654 resina
251 2598 407 2657 miscueris
431 2604 520 2676 atque
544 2597 696 2677 emplastri
719 2599 806 2658 modo
835 2617 890 2659 ano
915 2603 1070 2680 ventrique
1093 2603 1143 2662 ad-

127 2686 278 2767 posueris,
301 2686 418 2765 pondus
442 2704 529 2747 omne
553 2695 583 2747 et
605 2686 757 2748 libidinem
781 2688 956 2749 deiectionis
980 2690 1141 2751 efficaciter

126 2775 280 2851 reprimes.

74 2874 108 2925 98
216 2863 302 2925 Iecur
330 2867 481 2925 verrinum
509 2883 615 2926 recens
644 2866 823 2926 conbustum
852 2868 1074 2946 contritumque
1105 2868 1142 2928 ad
1156 2887 1183 2927 eo

128 2970 273 3014 summam
301 2954 449 3015 levitatem
477 2973 545 3015 cum
573 2957 654 3034 vino,
683 2955 735 3014 sed
760 2956 824 3014 sine
848 2954 907 3014 sale
930 2957 1016 3033 potui
1040 2956 1142 3018 datum

127 3042 287 3104 efficaciter
311 3042 477 3121 subprimet
500 3045 620 3103 nimiam
644 3043 848 3103 deiectionem.

74 3140 107 3190 91
217 3129 340 3210 Leporis
360 3135 479 3209 sanguis
497 3148 603 3191 recens
622 3130 745 3191 delusus
764 3138 794 3190 et
813 3149 881 3191 cum
900 3131 1018 3211 polenta
1036 3140 1143 3195 coctus

73 3229 107 3278 98
127 3223 157 3276 81
185 3218 272 3279 datus
300 3220 479 3298 dysinterico
505 3219 574 3278 ilico
599 3221 710 3280 ventris
733 3220 912 3299 profluvium
937 3223 1030 3282 sistet.
1072 3221 1140 3283 Η18-

216 3422 341 3478 lrobro.
415 3428 448 3477 10
466 3423 626 3479 medibitur.
688 3430 719 3479 ll
740 3427 927 3498 oxilnpabhos.
985 3425 1139 3484 wilirico.

120 3497 159 3545 19
174 3492 273 3547 8811811
292 3495 361 3564 (stc).
436 3492 531 3551 cotila.
603 3501 638 3549 26
656 3495 872 3566 sudoribusque.
