2438 3802
475 169 719 235 -277-

176 333 345 394 Palmarum
372 349 497 392 numero
526 331 581 391 XX
610 331 732 411 pulpae,
764 332 847 392 iunci
879 330 987 392 radicis
1015 331 1041 390 X
1069 330 1104 413 X,
1124 343 1158 394 22

89 423 181 504 gallae
204 425 370 483 inmaturae
394 418 474 500 XX,
497 439 614 500 myrrae
637 419 663 480 X
683 419 719 501 V3
744 419 912 480 tunduntur
931 427 962 480 et
979 422 1105 480 miscen-

90 521 140 573 tur
167 514 306 572 universa
334 517 423 588 atque
447 528 483 569 ex
507 509 646 570 omnibus
668 510 745 569 fiunt
768 528 804 569 ex
827 510 895 568 vino
919 508 1029 588 pastilli
1051 527 1105 569 nu·

89 618 172 661 mero
191 598 282 680 XXX,
305 599 414 658 dantur
438 598 575 659 similiter
598 605 632 659 ut
654 598 806 678 praedicta
828 597 1045 658 medicamenta
1069 615 1106 657 ex

61 688 223 769 equolibet
246 687 370 766 liquore.

179 776 322 837 balaustii
344 774 421 855 XV,
445 777 561 854 soporis
584 774 610 833 X
629 775 669 856 ll,
697 773 789 852 gallae
812 777 978 837 inmaturae
1000 773 1105 852 pilula·
1124 786 1158 836 21

90 885 159 926 rum
179 865 203 924 X
222 864 257 945 ll,
280 865 416 926 tamarici
434 865 556 924 seminis
576 863 601 922 X
620 863 656 944 ll,
676 866 755 924 turis
774 863 799 923 X
818 862 881 943 llll,
899 864 973 924 rhus
993 862 1107 943 Syriaci

91 954 116 1015 X
135 953 198 1034 llll,
221 957 411 1015 vinaceorum
434 960 581 1013 tostorum
605 952 631 1011 X
650 951 687 1033 V,
715 952 785 1012 hinc
808 951 931 1030 pilulam
954 952 990 1013 ad
1014 953 1107 1014 duum

90 1043 282 1104 denariorum
303 1042 422 1122 pondus
445 1059 514 1102 cum
536 1042 657 1121 potione
681 1059 717 1101 ex
740 1043 802 1101 vini
824 1044 903 1120 nigri
921 1041 1035 1121 cyathis
1053 1043 1102 1102 tri-

50 1131 147 1192 1obus
165 1131 350 1210 totidemque
369 1149 462 1208 aquae
482 1129 594 1190 calidae
613 1131 703 1190 mixta
722 1132 886 1190 torminoso
901 1130 966 1190 dari
980 1137 1106 1208 oportet.

180 1220 212 1280 Si
230 1221 387 1280 torminosi
401 1218 448 1278 vel
464 1218 568 1298 cyliaci
582 1225 705 1298 propter
719 1218 892 1297 frequentes
907 1219 1106 1278 desurrectio-
1125 1228 1160 1278 22

91 1327 144 1369 nes
172 1307 286 1369 viribus
314 1308 505 1389 deficientur,
533 1306 645 1368 dandae
674 1314 764 1367 erunt
792 1309 835 1366 eis
863 1306 1042 1367 sorbitiones
1071 1326 1107 1367 ex

92 1415 226 1458 cremore
249 1397 342 1457 larris
369 1396 416 1456 vel
444 1414 480 1455 ex
507 1398 623 1475 ptisana
651 1396 745 1456 saetae
773 1395 861 1456 modo
884 1413 939 1475 per
963 1413 994 1455 se
1019 1395 1107 1478 solae,

91 1486 178 1546 modo
202 1504 270 1546 cum
294 1503 362 1546 rosa
384 1486 583 1564 unguentaria
605 1486 728 1565 mixtae,
755 1484 802 1544 vel
824 1487 872 1545 ius
895 1483 1019 1563 gallinae
1042 1486 1106 1562 pin·

51 1593 77 1634 15
91 1577 158 1654 guis
190 1582 330 1635 excoctae
363 1591 431 1634 cum
465 1573 573 1652 butyro
605 1574 652 1634 vel
683 1573 729 1633 lac
759 1591 924 1652 capruuum
953 1580 1003 1634 aut
1030 1573 1106 1634 ovile

90 1663 224 1742 tepidum
247 1681 302 1742 per
324 1681 356 1723 se
379 1661 427 1722 vel
449 1664 539 1722 etiam
563 1663 718 1724 decoctum
742 1681 811 1723 cum
834 1662 941 1743 butyro
965 1669 995 1722 et
1017 1660 1106 1724 leuti-

92 1750 158 1811 cula
186 1751 323 1811 similiter
350 1752 427 1811 lacta
455 1751 592 1832 prodest,
620 1751 789 1831 inponenda
816 1769 886 1811 vero
912 1761 983 1812 sunt
1005 1754 1107 1812 tormi-

92 1840 174 1898 nosis
193 1839 321 1918 fatigatis
340 1858 356 1899 a
375 1839 526 1900 stomacho
546 1859 642 1919 usque
661 1840 697 1901 ad
716 1842 837 1918 inguina
856 1847 1008 1918 unguenta
1031 1858 1106 1918 quae

94 1929 223 2005 spissant
247 1936 345 1988 cutem
369 1946 411 2008 ea,
435 1927 544 2007 quibus
567 1931 759 2008 unguentarii
782 1937 916 1990 utuntur.

52 2032 79 2073 ro
182 2014 438 2092 Medicamentum,
454 2016 533 2096 quod
546 2036 600 2098 per
614 2037 703 2078 anum
717 2019 840 2078 inicitur
854 2019 1034 2098 torminosis,
1050 2019 1106 2078 sic:
1125 2022 1159 2072 23

93 2103 188 2165 Calcis
201 2106 290 2186 vivae,
304 2105 490 2185 sandaracae,
505 2108 724 2187 auripigmenti,
739 2105 923 2185 singulorum
937 2108 1019 2185 paria
1034 2124 1106 2184 pon-

92 2193 172 2274 dera,
195 2201 336 2255 teruntur
359 2213 418 2255 uua
441 2196 539 2255 omnia
558 2214 594 2255 ex
613 2213 689 2274 aqua
707 2194 755 2254 vel
773 2212 809 2254 ex
828 2213 900 2254 suco
920 2193 1106 2275 plantaginis,

92 2283 186 2343 donec
213 2284 331 2362 possint
359 2285 453 2365 coire,
481 2291 554 2345 tunc
581 2283 693 2363 pastilli
719 2284 808 2365 fiuut3
835 2301 905 2344 cum
928 2301 1003 2362 opus
1027 2291 1106 2364 sunt,

92 2379 232 2432 teruntur
264 2379 295 2432 et
326 2373 492 2433 iniciuntur
520 2372 555 2432 ad
584 2374 729 2452 cuiusque
758 2374 851 2452 vires,
882 2379 917 2432 ut
944 2371 1107 2452 plurimum

51 2458 118 2520 ch
142 2459 196 2520 llll
224 2468 276 2521 aut
304 2462 459 2522 minimum
483 2459 508 2520 X
532 2460 558 2520 ll
586 2479 655 2521 cum
677 2461 796 2522 hemina
820 2461 865 2522 vel
889 2469 922 2522 ut
944 2462 1107 2540 plurimum

92 2567 160 2610 cum
189 2549 302 2628 cyathis
330 2547 409 2608 Vllll
436 2567 529 2628 aquae
557 2568 626 2610 cum
654 2551 759 2630 myrtis
789 2550 929 2610 decoctae
959 2549 1006 2610 vel
1038 2567 1107 2610 cum

91 2655 177 2698 rosae
201 2637 280 2697 loliis
299 2636 344 2697 vel
363 2637 501 2718 lentisco;
525 2638 741 2699 medicamento
761 2657 831 2699 saue
850 2639 906 2700 hoc
925 2641 971 2698 uti
988 2645 1108 2716 oportet

91 2744 151 2784 non
175 2727 254 2785 inter
277 2727 361 2785 initia
384 2727 579 2806 torminosos,
608 2727 660 2786 sed
688 2746 755 2788 cum
779 2726 947 2805 malignitas
970 2728 1035 2786 vitii
1058 2744 1106 2804 ap·

91 2814 239 2892 paruerit,
269 2820 300 2872 et
328 2814 353 2872 si
381 2831 442 2873 non
470 2813 574 2874 eodem
602 2815 663 2896 die,
696 2833 754 2895 quo
782 2817 912 2895 primum
939 2814 1106 2894 adhibetur,

52 2916 79 2956 so
92 2899 254 2979 profuerit,
283 2901 373 2960 etiam
402 2903 540 2979 sequenti
566 2902 632 2963 fieri
657 2904 814 2982 oportebit.
862 2903 893 2964 Si
917 2905 984 2982 quis
1007 2910 1106 2962 autem

92 3006 212 3048 morsus
239 2989 464 3070 intestinorum,
493 3007 561 3050 oum
587 2992 745 3052 inmissum
772 2995 830 3053 erit
857 2993 1106 3053 medicamentum

93 3084 145 3138 aut
173 3095 241 3138 cum
269 3077 359 3160 redit,
386 3079 569 3160 insequitur,
596 3079 770 3142 infundatur
797 3083 896 3143 statim
923 3100 978 3162 per
1001 3079 1107 3161 clyste-

92 3167 172 3226 rium
195 3165 352 3228 lenticulae
376 3167 516 3229 decoctae
540 3186 615 3249 aqua
634 3169 679 3230 vel
697 3169 843 3252 furfures,
867 3170 1019 3232 sedabitur
1038 3188 1106 3230 con-

184 3319 335 3376 tradices.
425 3320 622 3378 dbeleusliei.
717 3322 837 3393 soporis]
864 3322 922 3391 opii
946 3323 1105 3376 Oorocmm.

92 3391 314 3447 8vinecearum.
379 3391 622 3448 tideneriumrum
640 3395 707 3462 (sie).
774 3398 807 3448 10
825 3392 939 3447 mixtae.
996 3396 1029 3445 13
1048 3408 1106 3445 cre-

91 3463 182 3533 more]
203 3479 219 3518 o
241 3478 341 3518 amore.
437 3468 470 3518 15
489 3463 607 3519 ovillum
626 3463 786 3521 ocrearius.
885 3468 919 3518 28
936 3461 1108 3518 torminosos

90 3535 204 3605 scripsi.-
254 3533 391 3591 rminosis.
463 3539 499 3590 24
517 3549 618 3606 cquae.
