2438 3802
480 147 715 212 -205-

88 313 200 390 vimus3
220 327 287 370 nam
309 318 338 370 et
357 309 541 370 stomachum
560 311 634 369 mire
657 311 798 386 conponit
816 319 846 369 et
864 329 983 371 umores
999 315 1103 391 siccat3

90 407 280 461 excrementa
304 416 422 477 quoque
446 397 495 457 illa
518 398 584 457 data
608 398 796 476 dysintericis
821 399 950 459 mirabili
973 399 1103 461 efficacia

90 496 227 568 prosunt.
272 487 416 564 Ossilragi
439 493 542 546 venter
565 486 747 546 madefactus
770 487 982 566 adpositasque
1001 488 1047 547 his
1068 489 1102 548 ad
1123 506 1156 554 85

91 576 291 655 stomachum,
320 577 372 653 qui
394 574 477 635 cibos
500 593 560 635 non
584 575 759 653 conficiunt,
789 575 963 636 utilissimus
989 585 1036 635 est
1059 577 1103 636 vel

61 668 182 727 aetiam
206 667 371 725 sitantum
394 681 484 723 manu
507 672 654 743 teneatur,
677 664 838 741 plurimum
863 666 952 725 iuvat.

181 752 362 832 Oxyporium
377 752 589 831 Dionysianum
608 752 643 811 ad
663 752 858 830 digestionem
878 763 907 814 et
924 754 961 813 ad
975 755 1104 833 rigorem
1124 770 1157 818 86

91 842 237 903 stomachi
266 850 296 901 et
323 841 359 900 ad
389 842 642 900 confirmationem
671 841 829 919 aqualiculi
861 843 1018 903 conficitur
1048 845 1104 903 sic:

91 930 299 1010 Cydoneorum
322 932 507 989 incoctornm
527 938 742 1007 tunsornmque
767 932 831 990 suci
850 928 917 1005 81,
941 932 1036 992 mellis
1056 932 1104 991 de·

91 1021 221 1098 spumati
244 1016 275 1079 fr
294 1017 321 1098 l,
345 1020 421 1078 aceti
445 1020 548 1095 optimi
572 1015 603 1076 8
622 1017 643 1076 Ι.
685 1016 763 1078 Haec
789 1021 820 1078 iu
844 1038 936 1080 unum
960 1023 1106 1098 permixta

49 1124 162 1168 1ovaso
186 1106 298 1184 duplici
322 1106 544 1186 decoquuntur,
572 1106 666 1165 donec
695 1106 827 1167 soliditas
856 1109 891 1167 ad
920 1127 1012 1168 tinum
1041 1128 1105 1168 sex-

93 1197 203 1256 tarium
231 1195 398 1275 redigatur,
426 1194 545 1254 additur
572 1194 703 1273 pulveris
732 1196 898 1272 petrosilini
926 1199 1013 1256 uncia
1039 1214 1105 1274 tina,

94 1285 204 1363 cymini
228 1285 379 1343 semuncia
411 1291 441 1342 et
464 1283 539 1342 bene
564 1291 819 1360 contemperatum
850 1283 1032 1343 medicamen
1060 1302 1106 1342 va-

94 1372 176 1432 sculo
195 1375 289 1432 vitreo
309 1371 448 1431 conditur
468 1371 523 1431 sub
540 1371 691 1449 signaculo
707 1379 796 1448 atque
810 1371 879 1431 inde
897 1371 1030 1432 cocleare
1045 1370 1106 1450 ple·

94 1479 165 1521 num
190 1479 206 1520 a
229 1463 329 1520 ieiuno
353 1461 507 1538 accipitur.

52 1571 80 1612 15
183 1549 364 1628 Oxyporium
378 1548 584 1627 Olympiauum
598 1548 731 1628 polyetes
746 1549 782 1608 ad
795 1549 990 1626 digestionem
1002 1567 1106 1628 paran·
1126 1564 1159 1613 87

94 1638 162 1698 dam
190 1640 297 1716 accipit
324 1637 411 1698 haec:
443 1636 558 1715 Piperis
582 1637 710 1717 -18,
736 1637 896 1716 zingiberis
923 1671 959 1680 —
981 1637 1048 1717 183
1076 1641 1107 1697 in

94 1725 247 1804 pulverem
271 1726 391 1786 redacta
414 1733 444 1786 et
468 1735 547 1786 creta
572 1726 653 1801 hacc,
677 1745 746 1786 cum
765 1727 800 1786 ad
821 1727 1015 1805 digestionem
1035 1736 1107 1786 tem²

96 1815 225 1892 peranda
249 1822 345 1893 crunt,
370 1833 406 1874 ex
428 1814 514 1874 melle
538 1814 696 1874 dabuntur.

186 1901 365 1982 Oxyporinm
398 1903 630 1980 pancharianum
663 1903 699 1962 ad
729 1903 938 1982 digestionem,
970 1902 1049 1980 quod
1079 1911 1109 1962 et
1127 1917 1161 1966 88

56 2013 85 2052 eo
100 1989 255 2068 aqualiculi
275 1992 461 2070 corruptelas
479 1990 525 2050 vel
544 1991 697 2051 ariditates
717 1993 865 2050 consumit
880 1999 909 2050 et
924 1990 1108 2050 stomachum

98 2087 277 2140 marcentem
306 2089 435 2160 recreat,
463 2082 620 2139 tertianam
649 2081 736 2138 etiarn
767 2097 834 2138 cum
863 2081 929 2139 vino
959 2087 988 2139 et
1016 2079 1110 2139 calida

98 2167 153 2228 sub
177 2168 250 2228 bora
274 2169 375 2229 datum
399 2171 474 2228 mire
497 2167 582 2248 tollit,
607 2168 765 2227 conficitur
784 2170 840 2228 sic:
864 2166 979 2246 Piperis
1001 2201 1038 2210 -
1056 2166 1109 2226 llll

98 2248 205 2342 2111,
230 2257 330 2317 siselei
357 2291 392 2301 —
415 2257 435 2335 l,
460 2256 620 2335 zingiberis
645 2290 683 2298 —
707 2256 718 2316 l
739 2256 768 2334 S,
792 2274 891 2317 amcos
918 2290 954 2299 -
972 2256 984 2316 Ι
1005 2249 1044 2342 ῼι
1063 2255 1110 2335 Vl,

98 2348 181 2405 anesi
206 2345 297 2424 -ΙΙ,
320 2346 448 2425 libystici
470 2379 507 2388 -
525 2345 537 2404 l
553 2345 582 2425 S,
606 2347 736 2424 iuniperi
754 2345 878 2424 llispani
896 2345 967 2404 -1
982 2338 1021 2431 ,Q
1036 2343 1110 2424 Vlll,

56 2457 83 2496 aa
97 2435 138 2494 ita
167 2442 200 2494 nt
227 2436 398 2512 iuniperum
426 2434 545 2496 abintus
568 2444 714 2514 purgetur
737 2434 853 2495 sublato
878 2437 990 2495 semine
1014 2441 1044 2495 et
1067 2436 1110 2494 sic

97 2530 221 2583 teratur.
263 2522 342 2584 Haec
371 2527 467 2584 omnia
495 2527 526 2583 in
551 2524 703 2602 pulverem
727 2524 846 2584 redacta
869 2532 1056 2602 reponuntur
1079 2525 1110 2583 in

98 2610 205 2670 doliolo
234 2613 328 2671 vitreo
357 2615 485 2690 signato,
512 2612 601 2691 ligula
629 2613 715 2692 plena
744 2633 779 2673 er
807 2612 902 2674 mulsa
925 2631 1000 2691 aqna
1023 2612 1111 2672 datur

97 2716 207 2760 ieiuno.

188 2787 231 2848 dd
260 2789 450 2868 cruditatem,
479 2806 553 2866 quae
582 2806 722 2848 nauseam
749 2789 833 2866 iacit,
860 2788 1026 2848 remedium
1054 2789 1111 2848 sic:
1130 2802 1163 2850 89

58 2874 271 2948 30Vettouicae
299 2875 414 2954 dragl
442 2879 472 2936 in
501 2877 627 2953 oxymeli
654 2875 767 2953 cyathis
793 2874 890 2934 tribus
913 2879 1004 2935 mixta
1027 2877 1112 2951 potui

100 2964 196 3026 datur.
238 2965 288 3026 lns
317 2983 435 3044 quoque
458 2963 603 3042 pullinum
629 2962 694 3040 [ubi
717 2970 820 3022 coctus
843 2961 946 3038 luerit]
971 2961 1112 3021 cruditati

99 3055 271 3135 opitulatur,
295 3057 374 3115 siin
397 3055 494 3133 primo
517 3051 641 3130 prandio
666 3049 831 3110 sorbeatur.

189 3223 415 3280 2dissintericis.
497 3222 636 3278 mirabile.
715 3219 910 3290 taqualicoli.
983 3223 1109 3273 8sucus.

102 3299 135 3349 15
154 3294 282 3364 polietes.
365 3302 397 3350 16
417 3295 544 3366 accipiet.
623 3299 657 3348 18
677 3293 798 3362 dabitur,
817 3293 930 3348 corraei.
1003 3296 1037 3345 20
1056 3288 1112 3344 nci-

101 3365 190 3421 divns.
262 3371 296 3421 23
316 3365 416 3422 siselei.
493 3371 528 3421 24
547 3364 673 3422 libistici.
750 3370 783 3419 27
804 3365 923 3435 signata.
999 3368 1032 3416 31
1051 3361 1113 3431 pul·

101 3436 191 3491 linum
213 3439 327 3507 scripsi:
354 3436 484 3506 pullinm.
554 3439 637 3493 verba
659 3435 709 3491 ubi
728 3436 823 3492 coctus
841 3436 927 3491 fuerit
943 3434 1001 3490 scil.
1019 3434 1112 3503 pullus

101 3508 231 3576 glossema
249 3524 304 3563 eoae
321 3514 400 3564 ratus
417 3509 527 3564 inclusi.
