2438 3802
513 141 756 206 -rtssv-

128 307 234 367 deinde
262 305 383 386 pulvere
411 307 476 385 ipso
504 304 677 366 mollissimo
701 304 805 364 dentes
828 303 883 369 tibi
910 304 1051 385 perfrica,
1080 324 1141 384 quo

74 409 108 457 48
127 397 204 457 iacto
229 395 361 456 dolorem
385 394 510 456 sedabis.
553 394 584 454 Si
607 392 663 453 tibi
685 395 778 472 partis
802 395 940 453 sinistrae
963 393 1037 453 dens
1060 393 1141 454 dole·

126 485 179 565 bit,
202 484 303 545 cubito
327 484 432 544 dextro
456 482 580 543 calidam
603 480 699 542 sabam
723 489 836 543 coctam
861 485 961 542 tritam
980 484 1090 560 inpone
1110 493 1141 544 et

127 573 284 653 diligenter
307 572 374 651 liga.
408 572 439 632 Si
462 589 532 631 vero
556 573 650 648 partis
674 570 813 631 dexterae
837 573 898 631 sive
919 573 1058 649 superior
1076 573 1139 632 sive

125 664 250 723 inferior
273 662 347 722 dens
371 659 490 739 dolebit,
515 658 615 720 cubito
635 660 758 719 sinistro
776 659 866 738 ligato
885 661 1023 720 similiter
1041 659 1168 722 iabamo

73 763 106 812 49
126 761 156 811 et
179 751 236 810 hoo
259 768 313 827 per
336 749 469 808 triduum
492 749 590 808 sacito.
632 747 769 808 Dolorem
792 748 927 808 dentium
956 758 985 809 et
1008 751 1139 828 gingiva-

126 857 194 898 rum
217 838 272 897 hac
295 838 421 896 maxime
445 838 598 897 curatione
622 854 793 917 conpasces,
818 838 844 897 si
862 836 958 896 mellis
976 836 1056 918 -Ι,
1078 837 1140 898 alu·

125 928 214 986 minis
237 925 387 986 iniectorii
411 959 453 969 -
473 925 512 984 lll
536 924 764 986 sublerveiacias
788 927 819 985 in
842 925 971 1004 pultario
996 935 1026 986 et
1044 929 1139 1004 agites

72 1027 107 1076 5ο
126 1033 160 1074 ac
179 1016 305 1074 misceas
324 1014 563 1093 tepefactumque
582 1014 765 1074 medicamen
789 1032 840 1074 ore
866 1017 1025 1074 contineas.
1064 1017 1139 1074 Aoo·

125 1122 193 1164 rum
212 1102 368 1164 Ponticum
391 1122 459 1164 cum
483 1110 566 1163 aceto
590 1110 620 1163 et
644 1121 712 1162 cum
735 1102 819 1162 taeda
845 1120 939 1181 usque
961 1103 996 1162 ad
1017 1112 1139 1181 quartas
1153 1124 1181 1164 ro

125 1193 282 1254 decoctum
309 1193 474 1252 rectissime
502 1192 659 1253 adversum
683 1190 800 1250 dolores
823 1190 957 1251 dentium
980 1191 1138 1270 gargaliza-

72 1294 104 1342 51
124 1290 182 1342 tur.
225 1281 322 1342 Sucus
346 1281 516 1360 cyclaminis
541 1289 571 1343 et
594 1279 653 1340 mel
675 1278 797 1358 Lycium
823 1281 926 1358 aequis
949 1280 1139 1360 portionibus

72 1383 105 1431 52
124 1372 289 1430 miscentur
312 1378 401 1448 atque
424 1370 493 1430 inde
517 1369 602 1430 dolor
625 1369 758 1428 dentium
782 1369 971 1429 confricatur.
1012 1368 1139 1448 Lapathi

125 1459 208 1519 radix
235 1460 266 1518 in
294 1467 377 1519 aceto
405 1460 550 1518 acerrimo
578 1459 718 1536 coquitur
745 1464 833 1536 atque
861 1475 896 1516 eo
925 1465 1008 1518 aceto
1032 1457 1138 1518 dentes

71 1559 105 1609 53
125 1547 306 1608 conluuntur
329 1546 375 1605 vel
399 1547 543 1606 foventur.
585 1545 716 1605 Mileiolii
739 1545 822 1606 radix
844 1545 899 1606 sub
919 1548 1014 1626 primo
1034 1546 1138 1607 dolore
1153 1566 1180 1606 ro

124 1636 257 1696 dentium
282 1633 576 1694 commanducabitur
599 1641 630 1693 et
650 1635 744 1693 isdem
763 1633 903 1695 dentibus
923 1637 974 1713 qui
993 1634 1138 1696 dolebunt

124 1724 175 1785 dIu
190 1723 430 1784 commanducata
446 1721 632 1803 retinebitur,
647 1721 860 1783 intolerandam
874 1723 1039 1784 molestiam
1051 1742 1137 1802 prae-

71 1826 105 1874 54
124 1815 293 1872 sontissimo
317 1811 449 1872 remedio
468 1810 626 1871 coercebit.
664 1809 769 1871 Oleum
793 1830 861 1872 cum
885 1820 967 1872 aceto
990 1831 1026 1872 ex
1045 1815 1136 1874 tertio

124 1900 293 1982 decoctum,
321 1901 391 1961 dum
420 1900 516 1961 adhuc
544 1899 631 1979 calet,
659 1907 741 1960 recte
769 1899 804 1960 ad
832 1900 977 1962 sedandos
1001 1901 1136 1962 dentium

124 1989 241 2050 dolores
265 2008 317 2050 ore
340 1988 532 2070 retinebitur,
560 1991 600 2050 ita
628 1988 752 2066 utplus
775 1991 851 2049 aceti
875 2008 962 2068 quam
986 1989 1044 2050 olei
1068 1993 1133 2051 mit·
1150 2008 1177 2047 20

70 2091 104 2142 55
123 2087 212 2140 tatur.
255 2077 349 2140 Radix
373 2087 470 2139 terrae
494 2078 563 2145 mali
587 2077 707 2138 surculo
731 2087 815 2138 eruta
839 2086 869 2138 et
892 2079 1135 2140 commanducata

124 2171 149 2228 si
172 2187 224 2228 ore
248 2169 449 2244 contineatur,
473 2169 552 2226 inter
575 2169 658 2227 initia
682 2166 801 2245 quidem
825 2167 1040 2228 excandescere
1064 2169 1136 2229 lacit

70 2269 103 2318 56
123 2256 255 2316 dolorem
279 2255 421 2335 dentium,
445 2253 496 2314 sed
521 2273 587 2314 mox
612 2273 681 2314 eum
703 2262 842 2332 potenter
860 2257 1021 2334 extinguet.
1062 2255 1133 2316 Por-

123 2343 190 2403 celli
212 2342 349 2402 lactentis
372 2341 546 2421 ventriculo,
569 2342 597 2402 id
622 2350 668 2402 est
686 2343 861 2423 aqualiculo,
885 2353 1029 2425 exempto,
1054 2345 1133 2424 quod

122 2433 152 2491 in
176 2432 319 2490 interiore
343 2439 410 2489 cute
434 2429 548 2490 luteum
570 2429 719 2511 adhaeret,
742 2430 825 2492 lanae
849 2434 1013 2511 coniunges
1036 2434 1133 2494 made·
1149 2449 1176 2489 as

122 2521 288 2596 laetamque
317 2536 382 2577 earn
405 2516 454 2577 illo
480 2536 584 2578 umore
607 2519 757 2579 auriculae
781 2523 909 2602 inseres,
937 2523 1022 2583 cuius
1051 2542 1067 2583 e
1091 2523 1134 2583 di·

122 2625 207 2667 versa
230 2613 314 2685 parte
338 2605 420 2665 densv
435 2605 558 2687 dolebit,
587 2609 753 2668 certissimo
781 2610 912 2669 remedio
941 2613 1041 2671 statim
1065 2610 1133 2672 sub·

69 2708 102 2758 57
123 2697 232 2756 venies
273 2694 349 2755 Mori
376 2694 460 2755 radix
488 2703 621 2774 tempore
649 2699 755 2756 messis
783 2697 938 2779 inciditur,
967 2718 1000 2759 ea
1028 2717 1133 2761 sucum

122 2785 307 2864 aptissimum
330 2783 493 2845 inhibendo
517 2784 612 2846 dolori
638 2784 770 2846 dentium
800 2789 922 2867 emittit,
951 2807 1039 2866 quem
1066 2788 1133 2849 ideo

122 2873 220 2953 colligi
243 2881 273 2935 et
296 2876 408 2934 servari
432 2883 558 2955 oportet,
581 2882 615 2936 ut
638 2893 706 2936 cum
726 2893 801 2954 opus
820 2876 911 2936 luerit
930 2876 1070 2937 dentibus
1089 2879 1132 2937 in·
1148 2893 1175 2932 so

68 2975 102 3024 58
122 2973 257 3044 ponatur.
300 2963 452 3025 Nuculeus
476 2963 567 3042 gallae
594 2964 856 3025 commanducatus
878 2965 1016 3026 medetur
1039 2964 1135 3025 dolori

68 3065 101 3113 59
121 3055 278 3132 umorique
302 3053 444 3113 dentium.
485 3052 660 3132 Hyoscyami
683 3053 766 3113 radix
789 3054 878 3112 mixta
902 3053 948 3112 vel
971 3053 1134 3114 madefacta

67 3153 101 3200 60
120 3150 203 3202 aceto
224 3150 254 3202 et
273 3141 515 3202 commanducata
533 3144 607 3201 mire
622 3141 761 3202 dentibus
776 3141 920 3201 medetur.
953 3141 1135 3221 plantaginis

120 3231 203 3289 radix
232 3238 314 3290 recte
342 3229 492 3289 manditur
520 3229 713 3307 eiusdemque
741 3249 813 3291 suco
842 3232 872 3289 in
900 3239 983 3291 aceto
1010 3231 1134 3292 decocto

193 3439 209 3486 2
228 3432 335 3501 dentes,
353 3434 400 3488 ned
414 3432 529 3489 dolebit.
583 3440 599 3489 8
614 3433 757 3490 aufeetorii
771 3436 839 3503 (cie).
894 3441 928 3491 22
943 3435 1133 3492 scandescere.

120 3508 157 3557 25
174 3503 256 3556 illum
274 3504 398 3557 humore.
472 3508 506 3557 30
526 3504 638 3574 oportit.
710 3511 743 3560 31
763 3505 905 3561 naouleus.
