2438 3802
516 119 736 184 ..40-

119 282 284 343 remedium
303 279 437 361 babebit3
460 297 557 360 neque
577 289 675 361 curet,
695 282 721 340 sl
737 280 803 341 dies
821 279 924 341 Martis
944 288 994 341 aut
1014 280 1136 341 Saturni

66 384 102 433 14
120 373 151 431 in
175 371 228 430 has
251 370 337 431 lunas
356 369 504 430 inciderit.
541 367 733 430 Eterocranla
753 371 814 430 sire
834 370 993 429 emicrania
1012 369 1136 430 discutit

119 460 192 520 haec
208 460 387 537 conpositio:
403 457 500 518 Gallae
517 455 655 538 Syriacae
665 491 707 500 —
718 456 766 537 ill,
778 459 1023 536 crocomagmatis
1037 489 1072 501 -
1085 456 1135 538 111,

120 548 200 609 aloes
227 577 270 590 -·-
295 543 349 627 ΙΙΙ,
378 546 430 607 sed
461 545 551 626 galles
578 548 664 626 prius
692 546 800 607 tundes
828 555 859 607 et
885 545 1038 627 criblabis,
1070 555 1136 606 tum

119 645 220 698 cetera
248 635 385 697 similiter
409 642 496 696 tunsa
524 643 555 696 et
579 634 710 696 cribrata
732 633 872 696 miscebis
895 635 984 713 idque
1008 634 1164 694 medica-s

119 743 188 786 men
212 728 243 784 in
266 723 373 804 pyxide
395 724 550 785 conditum
574 723 706 784 servabis
733 741 861 801 cumque
891 741 965 784 usus
994 725 1136 803 exegerit,

120 832 156 875 ex
185 823 269 874 aceto
297 819 494 892 temperatum
519 820 603 892 parte
626 813 734 873 frontis
764 829 839 892 quae
863 811 974 873 dolebit
1001 814 1135 890 inpones.

69 914 102 963 15
121 903 231 963 'lorrae
264 901 460 981 Aegyptiacae
488 908 588 981 partes
624 901 711 982 duas,
743 903 988 979 crocomagmatis
1019 908 1136 979 partem

120 1009 210 1052 unam
234 1008 302 1051 cum
323 996 407 1050 aceto
427 990 653 1068 diligentissime
676 1008 711 1050 ac
733 991 933 1050 minutissime
959 998 1081 1049 contere
1105 995 1136 1049 et

69 1092 102 1141 16
120 1088 236 1159 partem
260 1097 335 1158 quae
355 1077 470 1139 dolebit
493 1078 619 1139 inlinito.
665 1077 723 1157 Opi
746 1110 787 1120 -
807 1077 834 1159 1,
860 1077 1029 1156 colophonii
1051 1108 1096 1120 -
1114 1075 1136 1157 1,
1151 1090 1178 1130 1⁰

121 1185 238 1248 myrrae
258 1198 300 1211 --
316 1166 337 1247 Ι,
356 1166 526 1247 hyoscyami
541 1197 585 1211 -
599 1166 621 1249 1,
639 1166 805 1246 peucedani
820 1197 861 1210 -
877 1165 899 1246 Ι,
914 1166 1014 1226 anethi
1029 1195 1070 1209 --
1088 1164 1138 1246 ΙΙΙ,

121 1257 366 1335 crocomagmatis
383 1288 421 1299 -
433 1255 455 1338 1,
473 1273 609 1317 seorsum
623 1254 696 1316 haec
709 1255 818 1316 tundes
833 1264 863 1316 et
877 1253 1000 1315 criblata
1014 1256 1045 1314 in
1059 1271 1138 1314 mor-

121 1347 198 1407 tario
218 1345 385 1406 diutissime
404 1353 543 1406 conteres
562 1353 592 1406 et
611 1362 647 1405 ex
665 1353 749 1405 aceto
767 1345 878 1424 optimo
894 1342 930 1403 de
945 1343 1001 1403 hoc
1016 1343 1139 1422 pulvere

122 1430 243 1513 collyria
262 1433 403 1494 formabis
420 1452 549 1513 cumque
565 1452 640 1513 opus
659 1433 758 1515 luerit,
773 1435 804 1493 iu
823 1441 888 1493 cote
908 1450 944 1492 ex
959 1440 1042 1492 aceto
1057 1440 1139 1491 teres

122 1531 153 1584 et
171 1525 301 1602 spissum
320 1523 398 1602 parti
416 1523 524 1582 lrontis
543 1531 573 1582 et
592 1529 760 1601 temporum
776 1539 851 1600 quae
866 1520 1059 1581 dolebisante
1074 1519 1180 1580 dili-1⁶

71 1623 102 1674 17
123 1620 228 1691 genter
248 1612 382 1671 detersae
401 1611 575 1688 frequenter
593 1611 726 1670 induces.
765 1609 861 1670 Grana
880 1609 1006 1669 hederae
1028 1618 1058 1669 et
1078 1626 1139 1668 ser·

121 1699 236 1778 pullum
255 1701 320 1777 pari
338 1698 471 1776 pondere
488 1706 568 1758 teres
587 1716 624 1757 ex
642 1705 726 1758 aceto
745 1706 775 1758 et
793 1698 863 1758 inde
881 1706 977 1758 totum
997 1699 1139 1758 verticem

71 1800 103 1850 18
122 1787 307 1866 perlricabis.
349 1786 440 1847 Bncas
464 1786 540 1846 lcrrri
564 1804 599 1846 ex
620 1797 705 1847 aceto
724 1789 810 1846 tritas
828 1786 943 1847 adiecto
963 1784 1028 1846 oleo
1047 1785 1140 1846 fronti

72 1890 103 1938 te
122 1877 249 1954 inpones
267 1875 424 1936 adversum
442 1876 622 1936 eterocranli
640 1874 799 1936 molestias.
832 1873 1028 1936 Peucedanus
1047 1873 1140 1935 herba

122 1966 192 2024 trita
217 1982 254 2024 ex
277 1972 361 2025 aceto
379 1973 411 2024 et
429 1963 494 2024 oleo
511 1965 605 2025 lronti
623 1963 707 2024 inlita
724 1966 909 2024 eterocrania
929 1965 1028 2024 statim
1047 1963 1181 2024 sedatae

69 2066 105 2115 2ο
124 2052 223 2114 Herba
246 2053 293 2114 rel
316 2052 426 2114 bodera
449 2055 480 2114 iu
504 2055 600 2132 capite
627 2061 741 2114 saccae
765 2050 924 2113 cuiuslibet
946 2054 1028 2112 nasci
1052 2051 1140 2112 solet:

123 2161 157 2204 ea
181 2145 206 2203 si
228 2145 260 2203 in
278 2161 376 2221 panno
395 2142 462 2204 rulo
481 2144 543 2204 acia
562 2143 628 2203 rulo
647 2141 693 2202 rel
712 2142 772 2202 lino
792 2141 859 2201 rulo
878 2140 966 2218 ligata
986 2141 1075 2219 capiti
1093 2138 1139 2200 rel

123 2231 309 2308 temporibus
328 2231 473 2311 alligetur,
492 2233 602 2292 mirum
620 2230 785 2290 remedium
804 2231 964 2290 emicranio
979 2228 1025 2289 vel
1044 2237 1140 2289 etero—

70 2331 103 2380 21
124 2321 234 2379 craniis
261 2318 432 2396 praestabit.
478 2318 589 2378 Novem
616 2335 707 2397 grana
735 2319 848 2396 piperis
876 2320 907 2378 in
938 2320 1004 2378 vino
1029 2319 1140 2396 optimo

124 2414 205 2466 teres
228 2414 316 2484 etque
341 2425 377 2466 ex
396 2424 431 2466 eo
451 2406 579 2466 frontem
603 2415 634 2466 et
656 2415 790 2486 tempora
812 2405 920 2466 inlines
944 2408 975 2466 iu
999 2425 1032 2466 ea
1056 2414 1140 2484 parte
1155 2421 1182 2462 ae

71 2507 105 2558 22
125 2495 239 2574 cepitis,
264 2511 338 2572 quae
363 2494 399 2554 de
418 2495 579 2556 emicranio
599 2494 719 2555 dolebit.
760 2493 872 2555 Sucum
893 2495 930 2555 de
950 2494 1007 2555 alio
1025 2496 1056 2554 in
1076 2513 1140 2554 eam

125 2600 237 2661 aurem,
261 2600 296 2642 ex
319 2584 406 2643 ouius
430 2591 514 2662 parte
538 2582 623 2643 dolor
646 2585 801 2644 emicranii
824 2584 922 2664 luerit,
945 2583 1093 2644 infundes.

556 2723 635 2786 CAP.
659 2723 707 2786 lll.

417 2837 473 2894 Ad
494 2836 697 2906 vemiginam
720 2837 849 2907 eapitis.

215 2937 259 2998 ld
283 2939 601 3020 vertiginem'capitis‚
626 2958 712 3020 quam
737 2938 842 3001 Graeci
865 2947 996 3000 scotoma
1022 2945 1142 2998 vocant:

92 3039 106 3087 1
126 3025 294 3088 Peucedani
314 3026 388 3109 1111,
408 3031 534 3089 castorei
554 3027 616 3110 xi,
640 3028 807 3108 sphondylii
827 3027 888 3107 111,
907 3027 1048 3087 bacarum
1064 3026 1142 3087 lauri

125 3125 318 3194 purgatarum
337 3116 397 3177 lll.
433 3117 582 3177 'l'erentur
601 3117 673 3176 haec
693 3117 790 3175 omnia
810 3115 968 3193 diligenter
987 3123 1017 3176 et
1040 3134 1075 3175 ex
1095 3115 1142 3175 his
1157 3130 1185 3170 eo

125 3214 311 3284 conponatur
335 3205 596 3284 medicamentum3
621 3204 792 3283 quodcum
816 3222 891 3283 opus
910 3205 976 3282 erit,
999 3203 1142 3264 admisce·

196 3346 212 3394 2
231 3337 376 3394 incederit.
465 3337 672 3393 Aeterocrania.
764 3344 781 3392 4
805 3337 914 3393 alcidis.
1007 3344 1021 3394 'l
1046 3338 1142 3392 fronti.

125 3412 157 3462 11
186 3408 343 3478 piocedani.
446 3415 477 3463 18
507 3409 634 3463 conteris.
736 3415 769 3464 14
797 3411 869 3465 cute.
973 3415 1005 3464 ts
1034 3410 1141 3464 ederae

126 3482 160 3532 19
179 3478 357 3549 eierogrenii.
431 3484 465 3534 28
484 3478 646 3550 erograniie.
719 3485 753 3535 26
773 3479 920 3551 migranio.
