2438 3802
462 156 704 221 -139-

73 319 161 399 serit,
184 319 291 397 statim⁴
309 317 530 379 remediabitur.
573 317 694 397 Baucis,
718 320 743 378 si
766 320 798 378 iu
820 319 936 380 balineo
960 320 1087 381 61666666
1106 334 1139 383 61

72 415 103 468 66
131 413 230 467 adrem
260 405 387 466 calidum
415 409 493 466 16666
521 408 622 467 fauces
648 409 807 487 recipiant,
836 410 907 468 satis
935 408 1008 469 utile
1032 416 1086 470 est.

73 495 178 556 Oleum
209 513 329 573 quoque
356 495 450 555 viride
478 497 507 555 16
533 513 584 555 666
610 496 744 573 tepidum
767 503 889 555 teneant
912 504 942 557 et
964 497 1086 558 adsidue

73 586 268 664 gargarizent,
288 585 426 643 61166616
445 583 560 663 1661666,
578 584 740 662 plurimum
759 584 889 662 prodest.
920 585 1085 646 1161666666
1106 600 1139 648 66

47 673 291 733 solariflcaudam
320 671 450 732 radicem
479 671 609 752 edulem,
638 691 713 752 quae
736 675 852 733 incocta
882 673 1086 755 manducatur,

75 778 145 821 cum
167 760 262 821 mulso
286 779 381 840 coque
405 768 435 821 66
458 760 599 839 deinceps
622 764 721 840 ipsum
744 761 874 823 mulsum
897 761 966 822 bibe
990 771 1020 822 et
1042 781 1086 823 66-

76 848 173 909 dicem
196 850 289 927 ipsam
308 848 461 909 manduca.
496 849 539 909 Ad
557 868 645 910 uvam
664 849 861 911 destillantem
881 850 992 930 6166661
1010 851 1085 930 pilu·
1105 865 1138 913 63

75 935 142 1016 lam,
167 955 253 1015 quam
276 937 456 1015 singularem
480 940 643 1018 inveneris,
668 938 728 998 1166
757 941 910 999 6661666666
937 940 1086 1019 suspende

73 1024 150 1085 66116
173 1024 343 1086 16166666616.
380 1025 471 1086 Uvam
495 1027 688 1087 caniculatam
712 1035 742 1087 et
765 1028 893 1088 cocleam
916 1047 1086 1107 germanam
1105 1041 1139 1090 64

31 1132 58 1172 66
73 1113 216 1174 combure
244 1122 275 1174 et
302 1124 423 1176 contere
451 1122 540 1194 atque
570 1134 607 1176 ex
635 1134 670 1175 eo
702 1116 824 1195 pulvere
854 1119 946 1177 mixto
979 1117 1091 1196 6611166

72 1220 188 1264 summo
209 1203 255 1263 661
274 1211 355 1264 66616
374 1203 520 1264 666166616
540 1222 627 1264 uvam
646 1206 745 1264 ieiuno
765 1212 852 1282 tango
870 1223 924 1282 per
943 1207 1084 1266 triduum.

72 1290 188 1352 11661666
212 1290 377 1371 cymbalitis
405 1292 536 1353 radicem
563 1301 631 1353 ante
655 1292 726 1352 solis
754 1300 854 1352 ortum
881 1292 986 1372 collige
1015 1296 1085 1354 sini-
1105 1307 1138 1355 65

72 1389 151 1440 strae
176 1399 281 1441 manus
305 1381 405 1460 digitis
428 1381 534 1460 pollice
563 1389 593 1441 et
621 1379 790 1440 medicinali
813 1384 843 1441 16
868 1384 986 1442 nomine
1011 1385 1085 1462 eius,

72 1470 124 1546 qui
147 1487 233 1529 uvam
258 1469 378 1551 dolebit,
401 1477 431 1530 66
454 1469 522 1530 11616
546 1469 722 1548 conligatam
746 1468 821 1530 collo
842 1471 907 1530 eius
927 1472 1084 1551 suspende.

30 1575 57 1616 15
71 1556 171 1617 Piccm
191 1557 308 1618 mollem
329 1557 453 1619 cerebro
473 1561 537 1619 eius
551 1559 670 1638 1616666,
693 1561 744 1637 qui
760 1577 847 1619 uvam
862 1558 982 1640 dolebit,
1001 1578 1084 1639 prae·
1104 1572 1138 1622 66

71 1648 151 1726 cipe,
177 1655 211 1707 ut
234 1665 325 1726 super
348 1646 438 1708 limen
467 1655 548 1708 stans
577 1649 726 1727 superiori
751 1647 847 1708 limini
869 1650 963 1727 ipsam
987 1651 1084 1728 picem

71 1737 168 1812 666116
192 1753 246 1795 sno
270 1736 385 1814 adligat.
418 1737 462 1796 Ad
486 1736 618 1796 dolorem
642 1755 715 1796 6666
739 1736 853 1797 scribes
876 1740 908 1796 16
932 1737 1034 1797 6166666
1053 1746 1083 1798 66
1102 1748 1136 1798 66

69 1823 147 1884 66116
166 1823 329 1884 laborantis
342 1825 463 1885 linteolo
479 1824 658 1904 suspendes:
681 1823 817 1885 Formica
835 1828 1010 1904 sanguinem
1024 1844 1084 1886 666

70 1912 161 1972 1661666
183 1931 238 1973 666
262 1913 309 1994 161,
333 1915 401 1992 luge
425 1931 490 1994 uva,
513 1931 550 1972 66
574 1921 730 1973 66666616
754 1913 897 1974 comedat.
931 1915 1084 1996 Araueam,
1104 1925 1137 1972 66

29 2019 57 2059 66
72 2019 147 2079 quae
171 2020 290 2062 sursum
314 2021 418 2062 versus
444 2001 524 2061 subit
543 2010 573 2060 et
591 2004 673 2082 texit,
696 2001 826 2079 prendes
845 2009 875 2062 61
893 2020 1001 2063 nomen
1020 2006 1085 2062 6166

71 2089 162 2170 dices,
186 2092 235 2149 cui
258 2091 436 2151 medendum
460 2091 525 2170 6616,
549 2097 580 2149 66
602 2090 726 2150 adicies:
750 2088 800 2149 Sic
820 2092 880 2150 6166
904 2090 1008 2150 6616666
1027 2109 1084 2151 666

72 2181 153 2259 6166,
181 2197 269 2256 quem
297 2181 432 2258 6666166,
462 2178 608 2257 quomodo
636 2196 741 2238 666666
765 2177 839 2238 16666
863 2197 982 2238 sursum
1006 2181 1085 2258 repit

71 2276 102 2327 66
130 2269 219 2348 166166
251 2277 315 2328 tum
342 2270 436 2346 ipsam
465 2286 601 2328 araneam
629 2270 661 2327 in
689 2267 821 2327 chartam
850 2269 995 2347 virginem
1022 2268 1083 2328 1166

71 2355 176 2434 ligabis
205 2363 236 2416 et
263 2356 338 2416 66116
366 2355 527 2417 laborantis
556 2355 722 2435 suspendes
750 2355 797 2416 die
821 2356 910 2438 lovis3
937 2357 989 2416 sed
1013 2357 1084 2418 dum

29 2444 203 2524 reprendes
229 2463 365 2505 araneam
393 2445 439 2505 661
462 2444 676 2524 phylacterium
700 2444 814 2525 alligas,
843 2454 890 2505 ter
917 2447 1083 2506 interram

71 2551 170 2612 spues.
201 2533 383 2593 Medicamen
402 2537 565 2594 causticmn
586 2534 621 2594 ad
642 2552 727 2594 uvam
743 2536 806 2594 sine
822 2533 901 2594 16666
917 2534 1084 2615 tollendam,
1104 2545 1137 2595 69

71 2621 108 2681 de
133 2640 191 2700 qno
215 2624 302 2682 etiam
327 2624 441 2682 sciatici
465 2631 620 2684 curantur:
647 2622 741 2683 Calcis
761 2625 843 2682 61666
862 2623 941 2703 -1,
965 2626 1083 2702 6666616

70 2710 131 2770 61161
149 2710 255 2789 pilulas
273 2710 322 2790 111,
342 2711 494 2790 sinopidis,
513 2710 569 2771 hoc
589 2719 635 2770 est
655 2713 748 2790 minii,
770 2711 929 2792 modicum,
953 2711 1084 2790 lixivum,

70 2799 150 2858 unde
174 2807 336 2879 operantur
356 2799 541 2878 coactiliarii,
565 2799 758 2878 aliquantum,
781 2800 811 2858 16
832 2817 924 2860 unum
944 2800 1083 2860 miscebis

28 2887 144 2948 6616666
169 2896 199 2948 61
222 2886 383 2966 coagitabis
406 2887 456 2946 diu
481 2894 511 2946 66
529 2888 694 2964 repositum
712 2885 845 2966 habebis,
868 2895 904 2947 66
921 2905 988 2946 oum
1008 2906 1084 2965 opus

71 2977 162 3037 inerit
185 2979 288 3036 666616.

160 3065 328 3142 Descriptio
356 3061 498 3124 trochisci
525 3061 662 3142 plurimis
690 3062 762 3121 satis
789 3060 884 3141 utilis,
916 3061 946 3120 id
978 3063 1136 3123 66666160

70 3162 202 3214 66166166
230 3162 328 3214 666666
357 3161 387 3212 61
414 3161 560 3233 reumata,
589 3169 664 3229 quae
691 3152 722 3210 in
750 3151 867 3209 arteriis
890 3161 1084 3231 consurgunt,

144 3313 293 3360 66666666
312 3307 381 3374 (aio).
442 3305 696 3360 belerificandum.
755 3303 918 3358 8666166666.
974 3303 1084 3359 96661-

70 3378 184 3432 eluiem.
260 3382 292 3430 10
312 3377 452 3432 cumburc.
517 3383 550 3432 16
569 3375 661 3430 limini
678 3375 791 3446 scripsi:
810 3375 903 3430 limiti.
977 3379 1008 3429 18
1027 3375 1083 3430 fur·

71 3451 152 3504 66166.
205 3447 344 3503 1661661616.
395 3447 572 3516 recolligas.
622 3453 656 3502 27
676 3446 908 3518 666661161666166
956 3451 993 3501 66
1006 3463 1092 3501 6666-

70 3517 152 3589 pidis.
226 3525 259 3574 32
279 3519 406 3588 plurimis
424 3519 507 3574 rebus
527 3518 691 3577 Gornate'tto.
