2438 3802
493 153 732 219 -185-

193 314 322 395 Spongia
346 334 420 376 nova
443 334 510 376 curm
535 334 610 394 aqua
634 316 711 377 salsa
734 316 827 377 calida
849 319 966 396 saepius
986 320 1114 398 inposita
1135 329 1169 379 47

103 404 326 484 suggillationes
354 404 523 483 livoresque
551 405 687 484 detergit.
727 404 828 466 Fimus
857 405 961 466 suillus
985 409 1016 466 in
1040 415 1116 468 testa
1134 418 1169 468 48

104 495 252 556 arefactus
271 503 301 555 et
319 495 409 554 tritus
429 500 459 553 et
478 511 545 554 cum
560 493 625 554 oleo
640 495 798 573 impositus
813 495 887 553 mire
902 502 986 555 sanat
999 495 1116 556 livores,

103 584 211 662 Apium
234 583 328 643 viride
353 581 502 644 subtiliter
525 584 629 644 tritum
653 601 722 644 cum
746 584 792 643 ovi
816 581 881 642 albo
905 581 1022 643 inlitum
1046 583 1116 644 livo-
1134 594 1168 643 49

78 671 189 733 oribus
207 671 338 751 prodest.
370 669 463 731 Malva
482 673 610 732 erratica
629 673 698 732 trita
718 679 748 732 et
766 669 859 732 calida
878 689 976 750 panno
995 672 1116 734 inducta
1135 682 1169 731 5ο

105 769 135 821 et
158 759 222 820 oleo
245 769 390 839 peruncta
419 767 449 820 et
477 762 519 820 sic
548 760 681 838 adposita
707 759 880 822 recentibus
904 759 1116 840 suggillationi·

105 849 162 910 bus
181 867 214 908 ac
233 848 401 910 tumoribus
421 857 451 909 et
469 849 673 910 vexationibus
692 867 853 910 nervorum
872 848 955 910 valde
970 851 1115 911 medetur.

193 937 237 997 Ad
260 937 396 1016 pustulas
419 937 578 1016 papulasve
606 939 642 998 de
666 938 740 999 facie
764 938 909 999 tollendas
932 939 1115 1000 medicamen
1135 945 1168 996 51

105 1044 256 1105 conpoues
280 1029 336 1088 sic:
370 1025 514 1105 Sagapeni
537 1025 640 1107 -ΙΙ,
668 1026 766 1088 scobis
790 1026 920 1088 eburnae
944 1027 1117 1090 dehcatissi-

64 1132 91 1172 1o
104 1133 170 1175 mae
196 1148 233 1157 -
255 1113 345 1196 Vlnl,
369 1133 485 1194 myrrae
511 1148 549 1158 —
571 1114 651 1196 IIS,
675 1116 840 1195 aphronitri
863 1150 905 1159 —
924 1113 951 1175 ll
970 1116 999 1195 S,
1023 1125 1117 1196 traga-

105 1202 206 1264 canthi
230 1236 268 1246 -
289 1202 340 1284 Vl;
367 1211 455 1264 tunsa
480 1204 554 1264 haec
578 1210 608 1264 et
631 1203 760 1265 cribrata
783 1223 851 1264 cum
875 1203 961 1264 melle
984 1203 1118 1283 liquidis·

106 1294 180 1352 simo
200 1299 230 1352 et
249 1291 459 1352 candidissimo
474 1300 624 1367 teruntur,
642 1295 683 1352 ita
699 1299 733 1353 ut
747 1292 976 1352 crassitudinem
991 1292 1119 1354 habeant

105 1379 200 1440 mellis
224 1379 384 1461 densioris3
412 1399 447 1440 ex
474 1399 510 1441 eo
533 1383 565 1441 in
587 1380 693 1442 balneo
715 1379 762 1440 vel
786 1387 853 1440 ante
876 1380 980 1440 horam
1003 1380 1118 1442 lavandi

108 1469 197 1530 iacies
220 1469 377 1548 diligenter
400 1469 537 1530 inlinitur
560 1477 590 1529 et
613 1477 681 1549 post
703 1468 842 1530 balneum
866 1468 986 1530 eluitur.

64 1573 91 1613 15
194 1555 233 1617 Ut
259 1558 383 1618 livorem
412 1558 448 1617 de
477 1559 552 1618 facie
580 1557 678 1639 tollas,
707 1557 866 1637 gladiolum
891 1556 1014 1617 herbam
1037 1557 1118 1636 palu·
1138 1565 1171 1614 52

105 1654 196 1706 strem
225 1646 370 1707 arundine
400 1654 452 1707 aut
482 1665 549 1707 osse
582 1654 669 1708 acuto
702 1647 844 1707 radicitus
876 1646 984 1707 avelles
1017 1645 1117 1706 obser-

104 1753 176 1795 vans
199 1753 332 1815 prorsus,
356 1753 393 1795 ne
418 1735 497 1796 ferro
522 1754 585 1796 eam
610 1738 777 1815 contingas3
800 1735 890 1796 huius
914 1735 1030 1795 radices
1051 1742 1118 1796 tnn-

105 1842 155 1884 sae
184 1833 213 1883 et
244 1823 383 1884 subactae
411 1833 500 1903 atque
530 1824 684 1902 emplastri
714 1841 796 1883 more
829 1823 980 1902 adpositae
1010 1823 1118 1884 livores

106 1919 244 1990 potenter
267 1913 432 1973 emendant.
471 1912 599 1994 Radicis,
624 1931 699 1991 quae
722 1911 926 1992 manducatur,
950 1911 980 1972 id
1004 1921 1051 1973 est
1073 1931 1118 1973 ra·
1137 1918 1171 1968 53

66 2015 94 2054 ro
108 2000 182 2080 lam,
208 2009 310 2062 cortex
333 2003 423 2061 tritus
446 2001 604 2079 diligenter
632 2009 662 2061 et
686 2019 752 2061 cnm
778 1999 863 2060 melle
886 2002 1051 2078 permixtus
1074 2003 1117 2061 in·

107 2088 236 2168 litusque
252 2089 472 2169 suggillationes
487 2099 577 2168 atque
591 2089 708 2168 livores,
729 2090 781 2167 qui
795 2107 831 2148 ex
845 2088 954 2149 ictibus
969 2091 1118 2170 eveniunt,

106 2177 244 2238 celeriter
263 2178 421 2257 absterget.
454 2177 616 2257 Origanum
635 2177 671 2238 ad
691 2194 836 2238 summam
851 2175 999 2238 levitatem
1014 2179 1118 2238 tritum
1137 2183 1171 2233 54

106 2269 137 2326 in
166 2266 287 2327 linteolo
316 2267 374 2328 udo
402 2267 569 2347 adpositum
599 2266 708 2327 livores
736 2266 772 2326 de
805 2284 864 2346 quo
892 2265 1022 2327 volueris
1053 2265 1118 2327 loco

107 2357 206 2416 statim
230 2354 320 2436 tollit3
343 2359 499 2417 mentastri
522 2374 642 2436 qnoque
663 2355 731 2416 lolia
750 2356 820 2416 trita
840 2363 870 2416 et
889 2355 1022 2434 adposita
1040 2356 1118 2416 idem

66 2459 93 2500 es
107 2451 267 2523 praestant.
307 2443 425 2505 Nitrum
449 2463 485 2505 ex
508 2444 595 2506 melle
619 2452 650 2506 et
672 2445 747 2506 lacte
771 2443 883 2506 bubulo
906 2447 1010 2505 tritum
1030 2452 1118 2524 atquc
1138 2449 1171 2500 65

106 2535 286 2612 permixtum
306 2533 532 2612 adpositumque
551 2533 703 2595 ulceribus
723 2536 754 2594 in
774 2535 850 2595 facie
867 2535 944 2594 natis
963 2541 1014 2594 aut
1033 2534 1119 2594 lactis

107 2622 250 2681 citissime
274 2621 423 2703 medetur;
451 2624 550 2701 ipsum
574 2625 662 2684 etiam
686 2625 798 2684 nitrum
823 2641 891 2683 cum
914 2622 1035 2702 pulvere
1059 2624 1120 2701 opii

107 2717 137 2768 et
156 2727 228 2769 suco
248 2709 381 2788 thapsiae
400 2713 504 2772 tritum
523 2711 750 2789 adpositumque
766 2710 874 2770 livores
889 2713 989 2771 statim
1009 2713 1118 2770 eximit.

108 2796 218 2858 Caseus
242 2801 382 2876 caprinus
401 2798 506 2878 mollis,
529 2799 559 2857 id
584 2807 630 2858 est
648 2817 763 2876 recens,
786 2816 853 2858 cum
872 2797 959 2857 melle
978 2797 1119 2858 subactus
1139 2803 1173 2854 56

67 2886 324 2964 compositusque
353 2895 382 2944 et
409 2903 506 2963 panno
535 2885 665 2962 desuper
692 2893 790 2944 tectus
819 2892 869 2943 aut
897 2885 987 2943 ilnteo
1011 2885 1119 2962 suggil-

106 2973 232 3035 lationes
255 2975 424 3052 livoresque
447 2971 586 3032 celeriter
609 2971 766 3048 absterget.
808 2970 889 3050 Mali,
917 2971 946 3030 id
971 2978 1017 3030 est
1040 2975 1120 3049 pomi
1139 2976 1172 3028 57

108 3063 187 3142 quod
210 3062 416 3142 manducatur,
439 3060 485 3121 vel
508 3061 596 3120 etiam
620 3059 725 3120 Punici
750 3060 865 3120 corium
888 3066 1045 3118 contusum
1070 3060 1119 3120 ad·

107 3153 199 3211 mixta
221 3151 338 3230 polenta
358 3152 529 3229 impositum
550 3157 580 3209 et
597 3149 705 3208 livores
724 3145 822 3208 abolet
840 3154 870 3206 et
889 3144 1006 3206 dolores
1028 3147 1119 3208 sedat.

107 3238 199 3300 Lauri
221 3239 362 3300 bacarum
387 3241 569 3318 quartarium
593 3255 699 3317 uinum,
723 3234 904 3316 myrobalani
928 3237 1119 3317 semunciam,
1139 3241 1173 3291 58

68 3341 94 3382 oe
109 3328 295 3406 laenograeri
323 3328 486 3409 heminam,
514 3326 635 3408 serpylli
661 3344 721 3386 non
748 3325 887 3406 multum3
920 3325 1016 3386 tunsis
1045 3343 1119 3404 quae

107 3416 194 3477 tundi
229 3424 347 3494 oportet
378 3424 467 3496 atque
496 3415 634 3477 omnibus
662 3417 692 3476 in
719 3434 812 3477 unum
841 3415 997 3495 permixtis
1029 3415 1120 3474 medi·

108 3523 212 3566 comen
241 3503 314 3565 utile
342 3504 494 3566 abolendis
521 3504 665 3568 livoribus
692 3505 803 3589 iacies,
829 3523 891 3585 quo
914 3521 972 3585 per
994 3503 1146 3561 tironum
