2438 3802
516 130 733 224 -52'-

122 323 257 404 glabrum
280 323 377 383 locum
402 324 553 403 perfricet,
576 325 617 383 ita
640 330 674 384 ut
696 325 780 402 prius
802 322 853 383 diu
872 322 963 382 linteo
983 324 1135 400 asperiore

68 427 102 475 31
122 414 284 491 detergeat.
321 412 495 490 Aphronitri
517 411 600 472 floris
623 410 730 490 pilulas
754 410 849 493 XXX,
877 429 985 472 nucem
1008 412 1135 492 pineam,

122 502 158 563 de
179 519 235 580 qua
255 508 378 579 propter
399 508 574 562 vetustatem
593 500 692 561 nuclei
710 499 884 579 deciderint,
903 508 1029 580 tunsam,
1052 518 1135 579 sapo-

121 592 169 651 nis
193 588 297 650 Gallici
320 589 472 670 selibram,
501 592 561 649 vini
584 589 700 650 Aminei
728 587 848 668 cyathos
871 597 933 649 tres
957 587 1045 648 simul
1069 607 1135 668 per·

120 678 262 739 miscebis
287 686 317 738 et
340 687 478 739 conteres
502 687 532 738 et
555 685 645 757 ceput
667 676 801 756 glabrum
822 676 943 738 inlines:
966 676 1023 737 hoc
1042 677 1163 738 medi-c

68 780 103 829 32
123 769 237 827 cantino
271 769 358 827 etiam
392 769 483 846 crispi
517 766 615 847 capilli
642 773 811 827 nascentur.
857 764 949 826 Malva
982 784 1050 826 cum
1083 784 1136 826 sua

122 855 223 916 radice
246 855 438 917 vehementer
465 858 617 936 coquitur,
646 874 682 915 ex
709 856 795 915 cuius
823 873 897 933 aqua
921 854 1058 933 capillus,
1087 857 1137 916 cui

70 957 103 1006 33
124 946 277 1004 curatione
302 963 377 1023 opus
401 954 454 1026 est,
478 947 509 1005 in
532 943 638 1005 balneo
662 943 784 1004 adsidue
804 941 925 1004 lavatur.
963 942 1029 1003 Olei
1047 945 1137 1004 cicini

126 1065 162 1074 -
185 1031 239 1114 lll,
272 1032 369 1094 ladani
394 1032 511 1115 -111,
545 1032 648 1093 ladano
681 1036 753 1093 trito
785 1032 926 1113 paulatim
958 1031 1136 1092 admiscehis

122 1120 220 1182 oleum
245 1128 275 1182 et
299 1140 367 1182 curm
389 1121 485 1182 mellis
512 1121 740 1182 crassitudinem
765 1121 885 1201 leceris,
909 1120 1024 1181 radices
1048 1120 1136 1199 capil-
1151 1139 1177 1178 10

121 1209 220 1271 lorum
243 1210 366 1271 adsidue
389 1207 504 1273 inlinis.

550 1404 630 1466 GAP.
653 1403 713 1465 Vll.

124 1517 252 1586 capillo
279 1516 444 1584 nigrcndo
472 1519 506 1571 et
533 1517 760 1585 inoriepcndc.
806 1515 866 1570 Hie
896 1516 1028 1570 adicem
1056 1521 1139 1571 sunt

158 1617 246 1674 quce
269 1605 429 1672 phlegma
452 1607 487 1659 et
509 1603 747 1673 perfrictiones
770 1603 888 1675 cepitis
912 1605 1097 1660 deducunt.

90 1755 103 1801 1
215 1739 379 1818 Crispando
417 1739 522 1818 capillo
557 1741 793 1817 conpositionem
825 1739 997 1799 huiusmodi
1029 1739 1138 1801 facies:

124 1827 299 1907 Aphronitri
321 1827 404 1888 floris
423 1828 548 1889 tortulas
568 1846 692 1888 numero
711 1825 800 1907 XXX,
824 1845 932 1888 nucem
950 1830 1077 1907 pineam,
1102 1830 1138 1890 de

125 1935 182 1996 qua
205 1924 329 1995 propter
353 1924 530 1979 vetustatem
553 1916 652 1978 nuclei
675 1915 786 1995 delapsi
811 1917 884 1998 sint,
912 1924 1030 1977 tunsam
1055 1925 1084 1978 et
1107 1919 1139 1978 in

124 2005 278 2086 pulverem
303 2007 462 2088 redactam,
491 2008 610 2086 saponis
634 2005 736 2066 Gallici
760 2038 802 2048 —
821 2004 862 2064 lll
886 2013 916 2065 et
938 2006 1054 2065 Aminei
1077 2008 1179 2067 vini1c

125 2095 246 2175 cyathos
269 2094 318 2177 lll,
342 2104 431 2176 atque
454 2096 524 2157 inde
548 2103 637 2174 caput
659 2094 767 2154 inlines
791 2102 821 2154 et
844 2095 874 2153 in
894 2092 999 2154 balneo
1018 2094 1137 2156 lavabis.

126 2183 306 2263 Sphondylio
331 2203 449 2264 quoque
473 2193 562 2264 caput
588 2191 786 2262 perungatur,
814 2182 866 2242 sed
895 2184 979 2260 prius
1008 2183 1138 2245 radatur.

90 2285 106 2332 2
127 2271 256 2332 Cornum
285 2275 385 2333 arietis
408 2281 513 2333 uratur
537 2275 671 2350 cinisque
696 2273 760 2331 eius
784 2289 853 2331 cum
876 2269 941 2330 oleo
965 2279 1139 2333 conteratur

81 2365 106 2420 ’3
127 2367 216 2436 atque
243 2359 313 2419 inde
342 2359 480 2421 derasum
513 2367 602 2438 c'aput
634 2361 807 2438 frequenter
836 2367 973 2438 ungatur.
1020 2360 1139 2439 Capillis

126 2447 279 2524 nigrandis
302 2447 423 2508 infectio
447 2450 569 2526 optima:
606 2447 806 2509 Hirundinum
835 2457 967 2528 stercuS,
995 2460 1139 2528 quantum
1154 2464 1180 2504 20

128 2534 267 2616 sufficiat,
297 2553 364 2595 cum
394 2539 470 2596 aceti
493 2538 622 2596 sextario
645 2538 729 2597 mitte
753 2538 784 2596 in
807 2555 857 2597 vas
882 2536 971 2598 fictile
995 2546 1084 2616 atque
1108 2540 1140 2598 in

127 2624 196 2683 fimo
225 2622 369 2684 caballino
397 2643 451 2704 per
480 2624 544 2685 dies
572 2623 678 2684 XXXV
706 2625 864 2686 suffossum
892 2625 999 2686 habeto
1029 2643 1062 2685 ac
1096 2628 1139 2686 sic

128 2719 276 2772 macerato
300 2719 389 2792 atque
413 2712 470 2774 hoc
493 2714 709 2774 medicamento
732 2731 832 2774 rasum
856 2723 945 2793 caput
968 2712 1084 2773 inlinito
1108 2716 1139 2773 in

128 2799 233 2860 umbra
259 2819 314 2879 per
343 2802 513 2880 peniculum
536 2805 668 2883 pictoris.
711 2801 769 2862 Sed
794 2820 862 2863 sevo
887 2805 1006 2864 cervino
1035 2802 1138 2863 faciem

128 2892 212 2969 prius
236 2908 379 2974 perunge,
402 2910 440 2952 ne
464 2892 534 2972 quid
558 2892 627 2953 inde
650 2891 780 2954 destillet
803 2899 833 2952 et
855 2891 996 2974 maculet,
1021 2899 1051 2952 et
1070 2891 1140 2953 dum
1156 2907 1180 2947 ac

129 2982 258 3042 siccatur
281 2979 415 3062 infectio,
440 2981 537 3042 oleum
561 2984 638 3042 intra
663 3000 696 3042 os
720 2989 829 3060 teneto,
855 2999 892 3040 ne
916 2989 947 3040 et
970 2981 1074 3042 dentes
1098 2984 1141 3041 in·

129 3071 280 3150 ficiantur,
304 3088 339 3130 ac
361 3079 518 3150 postquam
542 3071 722 3149 imposueris
745 3068 937 3145 medicamen,
964 3078 1070 3148 quarto
1095 3070 1142 3130 die

94 3169 111 3216 4
131 3169 220 3237 caput
243 3159 346 3219 lavato.
388 3159 517 3220 Medium
545 3159 671 3236 lapidem
698 3158 844 3218 conterito
868 3159 955 3236 eique
979 3157 1142 3219 admisceto

130 3247 216 3307 nardi
243 3249 312 3325 puri
341 3257 483 3325 quantum
513 3248 583 3306 satis
612 3245 773 3327 videbitur,
806 3263 865 3324 quo
893 3245 1087 3307 medicamine
1117 3249 1144 3306 si

129 3333 302 3412 frequenter
317 3343 406 3412 caput
420 3352 543 3414 unguas,
562 3333 735 3412 prohibebis
754 3352 842 3395 canos
857 3336 938 3395 nasci
953 3337 1027 3394 etin
1042 3335 1142 3395 locum
1156 3350 1180 3392 ec

201 3525 235 3574 29
254 3538 272 3576 a
291 3519 433 3576 videbitur
450 3521 580 3578 vocabule
597 3523 680 3578 codex
698 3537 796 3578 rursm
813 3521 923 3591 eoepit.
977 3527 1012 3577 30
1026 3539 1141 3592 ungecs.
