2438 3802
497 141 784 207 -278-
871 207 878 218 „

111 307 210 367 lestim
225 305 317 391 dolor,
337 324 405 367 cum
420 324 469 366 eas
485 305 626 367 deiecerit
640 305 835 384 torminosus3
852 311 920 383 post
933 304 1131 365 iniectionem

111 413 182 457 sane
206 396 294 457 detur
317 394 412 456 cibus.
750 457 758 471 ,

59 496 94 546 24
201 486 288 547 titud
312 484 569 563 medicamentum,
593 481 672 562 quod
696 482 821 542 mirifice
842 480 964 561 prodest
982 483 1131 543 tormino-

112 578 162 656 sis,
186 577 248 636 siue
272 572 385 634 febrem
409 571 567 632 habuerint
591 589 645 631 seu
668 572 732 631 sine
757 570 839 631 lebre
862 570 987 631 luerint:
1012 569 1131 632 Planta·

111 666 188 744 ginis
217 665 283 723 suci
310 661 427 720 hemina
456 660 561 738 frigida
589 659 636 720 vel
664 659 763 738 tepida
790 661 951 720 inmittitur
983 677 1042 738 per
1072 659 1156 740 ely-u

112 760 223 812 sterem
252 753 283 810 in
313 767 402 809 anum
432 748 477 809 vel
509 767 563 827 per
592 766 623 809 se
652 748 714 808 sola
741 748 787 808 vel
810 766 877 808 cum
900 749 969 808 vino
993 766 1032 809 ex
1056 751 1131 828 piris

113 839 242 918 Syriacis
266 839 351 898 facto.
393 837 456 898 Hoc
481 838 730 898 medicamentum
756 839 845 898 etiam
868 837 895 896 si
918 854 1007 914 aeger
1026 836 1131 898 cibum

111 927 272 1006 horrescit,
301 928 434 987 restituit
457 928 485 987 ei
509 926 702 1005 cupiditatem
725 924 934 1006 manducandi3
960 925 1033 986 facit
1057 944 1131 987 vero

113 1017 200 1076 sitem
223 1014 449 1096 intolerabilem,
473 1015 524 1076 sed
549 1015 699 1076 moderate
722 1014 893 1075 bibendum.

59 1112 93 1163 25
202 1104 340 1166 Pastillus
364 1104 399 1164 ad
423 1106 603 1166 torminosos
623 1104 727 1165 efficax
746 1104 903 1164 conficitur
922 1105 978 1164 sic:
1002 1102 1131 1164 Aeneiae
1146 1121 1169 1160 ιο

112 1193 182 1275 III,
206 1193 276 1254 mali
298 1195 415 1272 granati
437 1195 559 1254 corticis
583 1193 609 1253 X
627 1191 700 1272 VIII,
722 1191 814 1270 gallae
839 1191 976 1272 Syriacae
999 1193 1132 1254 inmatu-

110 1301 162 1344 rae
186 1282 211 1342 ll
236 1282 272 1363 V,
301 1285 418 1362 soporis
442 1283 467 1342 ll
491 1281 528 1362 V,
555 1283 646 1361 myrti
672 1280 814 1341 bacarum
840 1282 994 1360 nigrarum
1017 1279 1045 1340 x
1070 1281 1132 1364 Vll,

111 1372 193 1452 rbus,
214 1372 292 1450 quod
313 1364 432 1432 corIarii
451 1378 586 1450 utuntur,
605 1369 724 1430 IIVIIII
746 1369 792 1429 vel
811 1369 945 1431 eiusdem
959 1371 1025 1430 suci
1040 1369 1069 1430 x
1083 1370 1131 1452 VI,

111 1460 215 1521 alterci
239 1461 360 1520 seminis
384 1459 410 1519 ll
430 1458 502 1539 VIII,
525 1461 603 1519 turis
627 1458 652 1519 ll
676 1457 749 1538 VIII,
773 1458 847 1518 rbus
872 1457 984 1537 Syriaci
1006 1457 1033 1517 x
1054 1458 1130 1520 VIII.

110 1548 190 1610 Ilaec
210 1550 308 1609 omnia
327 1550 496 1608 animantur
515 1555 634 1626 praeter
653 1549 790 1627 acaciam,
809 1554 867 1628 tus,
887 1549 988 1626 opium
1007 1554 1039 1608 et
1057 1565 1169 1608 con-15

111 1637 280 1698 tunduntur
303 1653 438 1696 seorsum
464 1637 548 1697 etin
571 1654 665 1696 unum
688 1638 852 1696 miscentur
875 1638 1004 1715 vinoque
1028 1639 1131 1698 omnia

110 1728 240 1806 myrtino
264 1734 502 1804 consparguntur
526 1732 615 1803 atque
638 1727 668 1784 iu
692 1725 800 1804 pyxide
819 1724 903 1785 fictili
924 1733 1131 1808 reponuntur;

112 1817 138 1875 si
162 1817 229 1894 quis
252 1813 330 1875 volet
352 1814 485 1893 pastillos
509 1814 616 1895 iacere,
639 1813 747 1874 adiciet
765 1816 893 1892 gummis
912 1813 937 1873 ll
956 1811 1002 1874 VI.
1039 1813 1130 1876 Ilabi-

110 1911 162 1964 tur
181 1922 217 1963 ex
235 1904 291 1964 hoc
310 1903 526 1964 medicamento
546 1905 646 1964 ieiuno
668 1904 832 1963 tormincso
852 1900 878 1962 II
896 1919 974 1962 unus
994 1920 1031 1962 ex
1051 1922 1131 1984 aqua

111 1991 212 2052 velex
232 1995 300 2053 vino
319 1994 411 2054 mixto
430 2000 552 2072 myrteo.
595 1991 676 2052 Idem
696 1991 946 2052 medicamentum
964 1992 1131 2054 inmittitur
1145 2010 1170 2050 so

111 2100 166 2161 per
190 2081 346 2161 clysterem
371 2081 407 2142 ad
431 2100 601 2143 mensuram
624 2083 705 2142 iuxta
729 2082 807 2140 vires
831 2081 986 2159 cuiusque.

58 2175 92 2224 26
201 2168 283 2230 Viois
307 2172 353 2230 uti
376 2178 495 2248 oportet
517 2173 697 2231 torminosos
716 2187 753 2230 ex
771 2176 867 2248 myrto
887 2177 918 2229 et
935 2170 1009 2247 piris
1030 2168 1131 2249 Syria·

112 2261 164 2339 cis,
188 2277 224 2318 ex
247 2258 332 2318 malis
353 2259 493 2338 cydoneis
517 2267 547 2318 et
570 2257 749 2338 terebintho,
773 2276 808 2317 ex
832 2257 905 2318 rbus
929 2258 1067 2337 coriario,
1093 2278 1131 2319 ex

111 2346 216 2425 glande
241 2348 392 2425 quercina,
416 2364 452 2404 ex
480 2345 622 2425 lapatbio,
646 2365 682 2406 ex
709 2345 813 2424 populi
836 2347 949 2426 fructu,
978 2364 1014 2406 ex
1042 2346 1130 2428 rubo,

111 2451 148 2493 ex
162 2432 356 2511 hypocistide.
381 2432 462 2503 Quae
477 2435 575 2492 omnia
594 2434 803 2512 decoquuntur
823 2453 957 2496 seorsum
972 2453 1042 2495 cum
1056 2437 1128 2496 vino
1143 2453 1169 2494 aa

112 2520 290 2580 Surrentino
314 2528 365 2580 aut
389 2520 525 2601 Signino,
551 2523 665 2599 potioni
688 2540 758 2582 vero
781 2523 963 2585 admiscetur
985 2542 1063 2602 aqua
1087 2527 1130 2585 ci·

113 2610 245 2669 sternina
269 2607 392 2669 decocta
415 2617 445 2670 et
468 2608 523 2670 sub
548 2609 614 2670 divo
637 2612 741 2690 posita.

59 2702 93 2752 27
201 2696 327 2758 Prodest
354 2700 527 2759 torminosis
552 2698 596 2760 lac
619 2706 736 2781 potum,
764 2702 795 2761 in
824 2701 903 2779 quod
931 2700 1045 2780 lapides
1069 2701 1130 2762 ler-

30 2784 34 2790 *
112 2793 215 2848 ventes
244 2789 362 2866 saepius
390 2788 437 2848 rel
465 2789 578 2850 ferrum
607 2789 737 2850 caudens
766 2789 928 2850 demissum
960 2791 1068 2871 suerit,
1102 2793 1130 2851 si

111 2883 211 2938 tamen
234 2895 293 2938 non
317 2876 537 2940 febricitabunt.
1143 2897 1170 2937 ao

58 2968 92 3018 28
201 2966 267 3028 Cibi
294 2976 420 3047 prosunt
445 2969 617 3029 torminosis
641 2967 824 3029 huiusmodi:
856 2967 944 3028 Panis
968 2967 1130 3029 fermenta·

111 3062 161 3116 tus
185 3055 291 3137 durus,
319 3057 418 3135 pultes
443 3057 590 3137 diversae,
618 3057 759 3118 lenticula
782 3063 865 3117 aceto
889 3056 1020 3135 condita,
1044 3055 1129 3118 bras·

111 3145 182 3226 sica,
205 3145 351 3227 plantago,
375 3145 477 3227 intiba,
500 3145 576 3206 mala
599 3145 738 3224 cydonea,
761 3163 835 3205 uvae
858 3163 895 3205 ex
914 3144 988 3226 ollis,
1011 3144 1129 3224 palmae

201 3302 217 3350 5
237 3297 356 3353 elistere.
448 3304 464 3352 8
484 3297 607 3353 carescit.
707 3301 740 3350 12
760 3298 866 3365 oporis:
887 3297 945 3368 opii
965 3297 1128 3355 Ceraunios.

114 3371 147 3419 13
167 3384 223 3435 quo
242 3367 402 3423 Coronatus.
455 3373 487 3423 19
507 3367 752 3424 medicamentum.
798 3372 831 3421 21
852 3370 980 3439 clystere.
1027 3375 1063 3424 24
1077 3388 1129 3439 pu·

110 3436 179 3503 puli.
257 3443 292 3492 25
311 3439 535 3506 dequoquuntur.
612 3443 646 3493 28
665 3437 840 3494 torminosos.
921 3440 1130 3496 abdominum

145 3507 223 3575 thysi:
242 3507 396 3562 dimissum.
