2438 3802
518 173 759 238 -116-

85 347 119 397 22
138 336 269 414 Linguae
292 336 393 396 ulcera
412 335 459 396 vel
480 337 604 416 pusulae
628 336 703 396 bene
727 338 928 415 accipiuntur,
953 336 979 395 si
1001 334 1083 395 oleae
1106 334 1153 395 vel

137 424 257 484 oleastri
273 443 344 485 suco
364 425 503 486 loliorum
522 434 552 486 et
572 424 694 504 sulpure
709 427 789 486 tritis
804 425 926 485 adsidue
940 424 1152 503 periricentur.

84 525 118 574 23
138 512 232 573 Rosae
251 513 307 573 llos
330 513 439 596 luteus,
462 513 579 574 alumen
599 516 735 595 scissum,
758 513 841 594 galla,
863 515 917 573 iris
935 515 1001 591 pari
1018 513 1153 591 pondere

137 604 234 662 omnia
259 602 416 681 diligenter
438 611 578 664 teruntur
599 613 628 663 et
646 605 707 664 oris
726 622 760 663 ac
778 602 896 681 linguae
921 604 989 662 vitia
1013 602 1153 680 frequen-

84 704 118 752 24
137 699 184 751 ter
205 709 240 750 eo
258 691 380 769 pulvere
399 692 608 770 perfricantur.
648 691 824 772 Cyclaminis
848 709 939 751 sucus
963 690 1043 750 melli
1061 689 1180 770 Lycios

137 779 300 857 aequaliter
328 782 438 841 mixtus
466 780 596 860 linguam
624 790 654 842 et
681 783 774 842 totius
801 781 861 840 oris
885 779 985 840 ulcera
1009 781 1154 858 potentis-

138 870 211 927 sime
236 877 332 945 sauat,
361 888 495 930 umorem
524 888 642 950 quoque
666 879 696 930 et
718 871 855 948 pituitam
878 867 1000 946 largiter
1024 868 1154 928 infusam

85 970 119 1018 25
139 955 267 1016 deducit.
314 955 440 1019 Pusulae
464 977 532 1018 oum
556 959 655 1020 subito
678 961 709 1019 in
732 959 833 1037 lingua
856 965 1030 1037 nascuntur,
1055 959 1154 1035 prius-

138 1063 225 1124 quam
240 1045 324 1128 idem
336 1046 476 1128 loquaris,
495 1057 644 1108 extremae
657 1050 775 1108 tunicae
791 1065 848 1126 qua
862 1047 981 1106 vestiris
996 1064 1047 1106 ora
1061 1063 1154 1124 pusu-

137 1133 194 1194 lam
219 1143 321 1214 tanges
345 1145 375 1196 et
398 1144 444 1196 ter
467 1136 563 1197 dices:
596 1136 668 1196 Tam
691 1145 843 1196 extremus
869 1137 908 1195 sit
931 1136 983 1214 qui
1005 1153 1053 1194 me
1077 1135 1192 1195 malem

86 1237 119 1285 26
139 1225 279 1303 nominat,
294 1233 324 1284 et
338 1226 448 1284 totiens
463 1243 551 1304 spues
567 1225 603 1286 ad
619 1234 736 1303 terram,
752 1226 851 1284 statim
869 1223 1021 1284 sanabere.
1050 1222 1155 1284 Solent

139 1314 272 1392 gingivae
297 1314 483 1391 quorundam
506 1314 601 1375 lluore
625 1314 770 1394 infestari,
793 1331 866 1392 quas
889 1321 1063 1391 praegnates
1089 1315 1154 1391 qui-

140 1401 207 1461 dam
238 1411 358 1483 vocant3
390 1411 517 1480 prosunt
544 1404 591 1463 his
619 1404 737 1464 lentisci
764 1401 833 1462 folia
861 1400 942 1461 arida
971 1410 1095 1461 contusa
1125 1410 1156 1462 et

139 1489 269 1550 cribrata
292 1492 424 1550 tenuiter
446 1492 596 1568 perforato
621 1491 735 1572 cribro,
763 1491 834 1551 facit
862 1500 892 1550 et
919 1492 994 1550 einis
1020 1489 1156 1550 eiusdem

139 1579 257 1638 lentisci
281 1577 420 1638 foliorum
439 1588 612 1640 exustorum
635 1583 783 1658 inpositus
807 1589 837 1640 et
856 1597 930 1658 aqua
950 1578 1084 1645 eiusdem
1104 1579 1154 1639 de·
1169 1591 1193 1631 1⁵

86 1679 119 1727 27
139 1670 218 1727 cocti
241 1685 274 1726 os
298 1665 411 1727 elutum
434 1669 561 1728 iuvatur.
603 1668 797 1747 Conpositum
824 1668 881 1729 hoc
904 1667 1155 1728 medicamentum

139 1757 261 1833 prodest
275 1757 402 1835 gingivis
417 1765 447 1816 et
461 1757 496 1816 ad
512 1759 612 1817 omnia
631 1757 740 1836 ulcera,
761 1776 836 1836 quae
855 1760 886 1816 in
905 1775 957 1816 ore
975 1757 1061 1837 fiunt,
1080 1756 1155 1817 utile

140 1852 193 1922 est,
217 1845 296 1922 quod
321 1845 444 1906 anthera
462 1865 477 1905 a
497 1845 618 1907 Graecis
639 1845 817 1925 appellatur3
841 1847 949 1924 recipit
971 1845 1057 1905 haec:
1082 1845 1154 1905 Alu-

140 1933 228 1992 minis
251 1933 314 1993 tissi
336 1934 361 1994 ll
380 1933 433 2018 111,
456 1953 572 2016 myrrae
597 1935 681 2016 llll,
706 1937 787 1996 croci
810 1933 893 2013 llll,
920 1935 1030 2014 cyperi,
1054 1933 1083 1993 id
1109 1944 1156 1994 est

140 2023 234 2104 iunci,
262 2023 371 2084 radicis
395 2023 420 2084 ll
443 2024 496 2106 lll,
525 2025 617 2106 gallae
640 2024 724 2104 llll,
752 2042 837 2084 rosae
865 2023 940 2083 lutei
966 2022 1048 2082 iloris
1072 2021 1098 2082 ll
1118 2021 1153 2104 11,
1169 2036 1194 2075 2ο

140 2111 318 2173 sandaracae
341 2113 482 2176 Ponticae
505 2115 530 2175 ll
549 2113 598 2196 111,
621 2116 698 2176 turis
721 2112 845 2173 masculi
863 2111 889 2171 ll
908 2111 942 2171 ΙΙ.
979 2111 1042 2171 Hoc
1061 2112 1153 2172 medi·

139 2203 253 2260 camino
277 2202 360 2261 arido
384 2205 429 2262 uti
451 2204 601 2280 oportebit
624 2203 669 2264 vel
692 2205 779 2262 etiam
799 2220 868 2262 cum
890 2199 977 2261 melle
1001 2202 1092 2260 mixto
1117 2201 1153 2260 ad

139 2288 289 2364 parulidas
312 2299 364 2350 aut
392 2290 538 2368 epulidas,
566 2291 596 2351 id
625 2300 670 2351 est
698 2289 750 2350 ubi
777 2309 813 2350 ex
837 2300 1007 2350 transverso
1037 2291 1155 2368 gingiva

141 2385 323 2452 suppuratur
353 2377 398 2437 vel
426 2377 478 2438 uhi
508 2397 599 2455 super
632 2387 798 2438 extremum
830 2379 972 2440 molarem
1003 2380 1154 2439 increscit.

87 2475 120 2522 28
139 2461 262 2522 Moleste
290 2465 440 2526 interdum
468 2467 594 2545 gingivis
622 2474 652 2526 et
680 2484 786 2526 cancer
816 2486 871 2544 per
899 2487 932 2528 os
963 2469 1069 2546 serpit,
1102 2470 1194 2547 quio

141 2552 220 2610 inter
246 2553 330 2610 initia
358 2553 512 2631 neglectus
540 2553 624 2614 brevi
653 2557 796 2633 temporis
819 2558 914 2633 spatio
939 2558 1042 2616 mortis
1065 2574 1155 2617 causa

141 2648 194 2699 est.
223 2637 348 2718 Oportet
367 2659 437 2719 ergo
453 2661 520 2703 cum
535 2645 665 2722 primum
680 2643 761 2702 visus
776 2644 875 2724 luerit,
894 2652 1051 2723 antequam
1066 2645 1155 2706 latius

141 2736 241 2806 serpat
255 2729 415 2809 faucesque
430 2741 564 2812 occupet,
578 2734 655 2812 misy
664 2738 732 2792 usto
747 2749 834 2811 quam
845 2732 973 2811 plurimo
984 2751 1052 2793 cum
1067 2732 1154 2794 melle

141 2819 186 2877 uti
209 2819 340 2900 saepius,
369 2819 421 2880 sed
449 2830 516 2882 ante
545 2822 649 2884 dentes
678 2829 708 2882 et
732 2839 765 2881 os
789 2821 878 2882 collui
901 2821 1011 2882 debent
1034 2821 1156 2882 oleastri

89 2919 122 2967 29
142 2925 217 2986 aqua
237 2908 352 2970 decocti
371 2918 421 2971 aut
440 2913 560 2973 corticis
581 2912 651 2973 mali
669 2913 792 2991 granati.
826 2910 952 2971 Prodest
971 2920 1001 2970 et
1019 2909 1075 2970 hoe
1094 2929 1154 2971 me·
1169 2925 1195 2966 so

141 2997 340 3060 dicamentum
365 3001 453 3061 etiam
477 3003 508 3061 in
532 3005 612 3062 omni
634 3009 718 3080 parte
743 3002 877 3078 corporis
901 3001 1030 3077 positum
1050 3007 1155 3060 contra

141 3104 310 3168 cancerem,
339 3090 418 3166 quod
447 3099 568 3150 vocatur
595 3090 775 3168 Andronios3
805 3089 913 3165 recipit
940 3095 1039 3148 autem
1068 3087 1155 3149 haec:

142 3173 210 3234 Mali
228 3179 342 3254 granati
361 3180 482 3238 corticis
501 3177 576 3256 llll,
600 3188 697 3238 terrae
720 3176 788 3237 mali
807 3175 933 3255 llVllll‚
952 3175 1032 3236 aloes
1052 3175 1155 3256 llllll‚

141 3280 257 3341 myrrae
276 3263 351 3344 llll,
370 3265 461 3343 gallae
484 3264 581 3345 llVll,
605 3265 743 3326 aluminis
762 3266 824 3325 fissi
844 3263 945 3344 llllll,
970 3267 1047 3326 aeris
1071 3265 1154 3328 lloris

213 3395 371 3478 asulpore.
475 3403 604 3467 equom.
709 3406 742 3454 1e
766 3400 875 3455 mirroe.
981 3405 1015 3454 20
1036 3400 1153 3456 radices.

142 3466 366 3523 21sander1coe.
421 3474 455 3522 22
470 3469 519 3540 ad]
535 3475 591 3526 sut.
647 3477 680 3525 25
696 3473 789 3526 elom.
843 3488 956 3541 peroro.
1011 3475 1045 3524 28
1061 3472 1152 3527 misni.

142 3540 175 3588 32
195 3536 309 3605 recepit.
382 3543 416 3592 34
435 3555 544 3608 myrrae
562 3540 589 3596 Ξ
602 3540 628 3595 ΙΙ
645 3541 739 3611 gallae
757 3540 850 3597 §vu
868 3559 918 3598 om.
990 3541 1049 3597 llos.
