2438 3802
509 122 726 185 „77-

110 293 242 345 mentum
272 285 465 363 sutoricium,
499 285 601 362 aequis
635 285 783 344 mensuris
810 286 867 344 ista
899 287 1060 364 coniunges
1094 294 1124 346 et

110 373 200 433 addes
232 373 279 432 bis
308 391 395 451 sapae
423 373 573 433 modicum
601 380 630 432 et
659 374 735 432 aceti
768 381 910 450 quantum
939 374 1066 434 sufficiat
1095 383 1124 434 et

110 462 258 540 decoques
287 461 322 521 ad
352 461 577 540 spissitudinem
604 460 700 521 mellis
728 460 834 541 liquidi
863 469 951 541 atque
984 464 1023 521 ita
1054 481 1123 523 ocu·

109 548 153 610 los
181 550 250 610 inde
279 549 459 630 superlines,
487 559 520 611 ut
549 549 697 610 modicum
725 550 910 629 ingrediatur
939 569 989 610 eos
1018 558 1047 610 et
1075 550 1123 610 de-

82 638 282 718 clacriment,
311 640 452 698 continno
481 637 672 699 sanabuntur.
719 638 767 698 Ad
801 638 950 700 vulnera
982 638 1123 699 ulcera-

111 746 177 806 que
208 735 242 787 et
271 728 465 788 cicatrices
498 738 603 806 atque
637 725 878 788 carbunculos
912 736 1123 806 crustasque

111 815 295 876 oculorum
325 823 358 876 et
391 815 616 894 glaucomata
645 824 752 894 atque
782 816 974 895 albugines
1002 817 1122 876 deter-

90 904 243 981 gendas
267 914 300 965 et
323 903 515 983 palpebras
538 905 804 982 componendas
828 904 979 986 collyria
1007 914 1041 966 et
1068 923 1122 965 re·

111 993 226 1052 media
263 994 303 1053 de
341 995 603 1071 experimentis
639 992 788 1074 physica
821 1002 858 1055 et
890 993 1123 1055 rationabilia

71 1101 96 1139 ιο
112 1080 262 1142 diversa.
300 1081 344 1142 ld
364 1081 483 1142 sordida
506 1081 606 1143 ulcera
631 1081 785 1143 oculorum
809 1093 984 1162 crustasque
1008 1082 1176 1147 haben-nc

110 1172 164 1248 tia,
188 1188 261 1249 quas
285 1170 392 1230 medici
416 1171 555 1231 escharas
579 1177 697 1251 vocant,
720 1180 750 1232 et
773 1171 809 1231 ad
833 1171 1030 1232 carbunculos
1054 1189 1123 1231 ocu-

110 1258 220 1338 lorum,
249 1278 323 1336 qnos
351 1257 507 1320 anthracas
531 1260 648 1339 dicunt,
675 1259 747 1320 facit
774 1259 850 1320 bene
879 1269 908 1320 et
933 1278 987 1337 per
1011 1277 1043 1319 se
1066 1257 1125 1318 mel

111 1346 242 1407 Atticum
265 1366 375 1425 purum
398 1347 505 1427 pyxide
530 1365 640 1427 cuprea
665 1348 816 1408 conditum
836 1355 866 1407 et
885 1349 1050 1425 repositum
1069 1345 1124 1408 sub

112 1436 262 1524 signacplo
281 1436 434 1497 mensibus
454 1437 547 1497 ferme
567 1435 697 1516 duobns3
721 1443 831 1515 quanto
855 1438 934 1497 enim
958 1436 1070 1496 diutius
1093 1438 1123 1496 in

71 1543 96 1583 as
110 1525 216 1603 pyxide
250 1544 285 1585 ea
317 1527 472 1606 manserit,
505 1525 655 1586 efficacius
683 1525 741 1586 liet.
789 1525 847 1586 Sed
874 1527 1035 1604 praecipue
1063 1524 1176 1589 hocttt

112 1613 190 1691 quod
210 1614 330 1692 quidam
345 1613 393 1674 dia
408 1632 557 1694 smyrnon,
577 1613 712 1675 nonnulli
731 1615 852 1696 euodes,
876 1616 946 1694 quia
964 1613 1035 1674 boni
1054 1613 1123 1673 odo·

111 1703 153 1761 ris
178 1710 234 1783 est,
264 1704 431 1783 nominant,
455 1703 534 1782 quod
558 1703 706 1764 etiamad
730 1703 865 1782 pustulas
888 1703 1070 1783 papulasque
1094 1712 1125 1763 et

112 1793 340 1869 suppurationes
369 1791 524 1852 oculorum
552 1802 583 1853 et
610 1793 645 1852 ad
674 1795 829 1854 cicatrices
859 1811 918 1852 non
947 1800 1062 1853 veteres
1095 1803 1124 1852 et

111 1878 147 1938 ad
174 1878 383 1958 palpebrarum
412 1890 564 1940 recentem
592 1876 681 1941 etiam
710 1884 739 1940 in
769 1881 945 1958 corporibus
970 1883 1124 1942 teneriori·

71 1986 98 2025 ao
113 1966 168 2027 bus
188 1969 403 2047 aspritudinem
422 1969 500 2028 lacit.
526 1967 652 2046 Oportet
670 1976 770 2029 autem
789 1988 824 2029 eo
840 1969 874 2028 ad
891 1969 1009 2028 sordida
1023 1968 1124 2029 ulcera

112 2055 205 2117 diluto
229 2059 277 2116 ovi
300 2057 375 2137 albo,
399 2057 427 2117 id
453 2064 499 2116 est
522 2058 725 2137 aquatissimo,
748 2059 801 2138 uti,
825 2056 932 2117 deinde
952 2074 1020 2116 cum
1039 2056 1123 2116 lacri-

111 2163 176 2205 mae
200 2145 294 2206 lluere
318 2146 470 2226 desierint,
495 2147 650 2206 cineraceo
674 2145 796 2225 collyrio
823 2147 1026 2226 superinungi,
1052 2147 1124 2204 item

111 2234 146 2293 ad
171 2234 306 2313 pustulas
335 2253 370 2294 ex
399 2253 453 2294 ovo
483 2236 587 2295 tritum
615 2234 700 2316 laoit3
729 2234 764 2295 ad
792 2233 915 2315 papulas
938 2252 1008 2293 vero
1035 2243 1065 2294 et
1089 2234 1124 2294 ad

111 2321 229 2382 dolores
258 2341 326 2383 oum
355 2322 465 2384 rubore
495 2331 525 2383 et
553 2323 735 2385 distensione
764 2324 842 2385 oculi
871 2325 948 2384 sicca
976 2322 1053 2384 bene
1081 2325 1124 2383 in·

70 2413 232 2489 seponitur
256 2431 325 2473 cum
347 2411 423 2472 lacte
446 2411 593 2493 mulieris,
622 2432 660 2474 ex
687 2432 763 2494 aqua
786 2422 885 2475 autem
909 2413 945 2473 ad
969 2414 1124 2474 cicatrices

110 2510 247 2561 recentes
272 2501 473 2562 extenuandas
497 2509 526 2561 et
549 2501 757 2581 palpebrarum
782 2502 997 2582 aspritudinem
1021 2502 1124 2562 tollen·

111 2587 177 2648 dam
202 2591 258 2650 teri
282 2588 371 2650 debet
395 2598 425 2650 et
448 2590 582 2651 subiecto
611 2591 733 2670 specillo
761 2603 812 2653 aut
839 2593 956 2652 inversa
984 2590 1124 2671 palpebra

112 2676 206 2737 oculis
234 2680 335 2738 inseri.
382 2678 568 2758 Conponitur
596 2690 695 2740 autem
720 2699 757 2740 ex
780 2681 827 2740 bis
850 2679 954 2740 rebus:
979 2679 1124 2758 Pompbo·

112 2764 187 2844 lygis
211 2767 286 2826 lotae
311 2766 428 2846 llVlll,
452 2769 529 2827 aeris
553 2771 614 2826 usti
633 2767 659 2826 x
677 2767 752 2847 Vlll,
775 2770 857 2828 croci
878 2766 903 2825 ll
922 2766 984 2846 llll,
1009 2785 1125 2846 myrrae

70 2852 138 2913 coll
166 2854 237 2934 llll,
271 2855 356 2915 nardi
389 2856 488 2931 spicae
518 2852 544 2912 ll
572 2854 584 2912 l
617 2861 647 2912 et
676 2855 793 2932 pondus
822 2856 986 2934 victoriati,
1019 2854 1125 2933 lapidis

111 2943 288 3004 haematitae
312 2942 384 3003 llll
403 2941 432 3022 S,
456 2942 568 3020 piperis
592 2939 648 3000 albi
674 2959 763 3019 grana
783 2941 818 3015 X,
842 2942 903 3018 opii
926 2940 982 3000 lll
1005 2949 1034 3001 et
1053 2959 1124 3018 pon·

112 3031 169 3092 dus
198 3035 287 3092 unius
315 3033 476 3111 victoriati,
504 3030 633 3108 gummis
657 3027 735 3089 llll.
782 3028 933 3088 Teruntur
960 3028 1033 3088 baec
1057 3047 1124 3089 eum

112 3119 186 3180 Cbio
211 3123 278 3180 vino
303 3128 333 3180 et
356 3120 513 3180 confestim
536 3117 657 3198 collyria
675 3119 829 3197 tinguntur
852 3124 940 3195 atque
965 3119 996 3177 in
1020 3115 1125 3177 umbra

112 3210 272 3270 siccantur.
309 3208 431 3269 Acriore
455 3216 553 3270 autem
577 3207 698 3288 collyrio
722 3207 756 3268 ad
782 3207 936 3268 cicatrices
961 3214 1179 3269 extenuamus

186 3423 200 3469 1
221 3414 383 3470 autoricium
402 3417 513 3485 scripsi:
533 3414 681 3471 sutoritum
702 3413 864 3471 Oornorius.
955 3420 995 3469 m
1014 3411 1145 3481 scembs

112 3485 281 3557 Stephanos:
302 3485 413 3556 epioillo
433 3485 594 3547 canarios.
