2438 3802
495 137 735 202 -141-

104 284 187 383 salis,
216 302 306 381 aceti,
338 298 447 379 mellis,
478 298 536 359 olei
563 301 673 360 veteris
701 318 811 379 aequas
838 308 939 379 partes
967 303 997 362 in
1026 321 1119 364 unum

104 392 226 453 misceri
249 396 368 468 oportet
391 396 421 449 et
444 405 512 448 cum
536 406 611 466 opus
635 388 739 468 fuerit,
762 391 852 468 pinna
874 390 1037 467 perfricare
1057 392 1118 452 fau-

103 499 155 542 ces
183 479 297 539 diutius
325 477 502 538 laborantes,
548 476 623 536 ltem
650 476 726 537 hene
754 478 825 538 facit
853 485 884 538 et
910 478 967 539 hoc
992 479 1153 542 medica-3

103 577 237 629 mentum
268 567 467 644 compositum
495 567 552 625 sic:
589 564 639 626 Git
665 567 747 626 fricti
774 565 799 625 li
823 565 863 646 ll,
890 567 1024 645 pyrethri
1052 566 1118 648 iil,

77 657 246 735 esagapcni
268 656 416 714 victoriati
438 653 570 734 pondus;
601 657 671 715 trita
693 654 766 714 haec
790 673 859 714 cum
882 655 969 716 melle
992 657 1118 716 miscen-

105 753 156 806 tur
179 752 211 804 ct
231 746 272 804 ita
294 742 430 805 faucibus
454 742 640 803 adhibentur.
676 742 760 804 Facit
777 742 853 804 hene
872 753 903 804 et
921 743 1118 805 medicamen·
1136 757 1154 804 4

107 841 171 894 tum
190 831 246 893 hoc
264 834 461 911 compositum
480 833 537 892 sic:
559 829 649 891 Fellis
668 833 778 892 taurini
797 831 822 892 lt
841 831 875 908 ll,
895 835 960 894 suci
978 851 1117 894 cucume-

106 924 150 982 ris
169 920 294 982 silvatici
307 921 332 981 Χ
346 921 368 1001 l,
387 919 529 999 cachryos
549 926 579 980 et
597 921 686 980 misni
703 920 865 981 animatili
882 922 1027 1004 singulos,
1046 924 1118 983 trita

104 1010 179 1070 haec
198 1009 283 1070 melle
302 1010 432 1070 admixto
450 1016 651 1088 reponuntur3
670 1027 738 1069 cum
758 1027 833 1089 opus
852 1018 907 1092 est,
926 1011 1117 1091 aquatepida

64 1116 91 1155 ιο
106 1098 262 1160 diluuntur
285 1106 315 1159 et
338 1098 438 1158 fauces
462 1097 569 1157 exinde
592 1105 801 1176 perunguntur
822 1109 1028 1178 cogunturque
1047 1099 1117 1160 inde

105 1206 193 1266 quam
219 1187 382 1266 plurimum
410 1187 552 1246 devorare
581 1188 633 1265 qui
664 1187 794 1246 faucium
824 1187 926 1247 dolore
958 1195 1116 1269 vexantur3

104 1276 192 1336 solvit
216 1277 296 1336 enim
320 1283 455 1335 ventrem
479 1277 572 1335 etita
597 1274 855 1335 vehementissime
874 1275 1005 1354 prodest.
1041 1275 1151 1337 ltemo

102 1363 180 1425 hene
198 1365 270 1425 facit
286 1371 317 1424 et
334 1364 390 1424 hoc
405 1364 667 1424 medicamentum:
685 1362 953 1424 Hirundininorum
967 1363 1116 1443 pullorum

104 1460 278 1514 exustorum
298 1455 408 1514 cineris
429 1452 453 1513 li
472 1453 494 1532 l,
513 1451 618 1532 hysopi
636 1451 661 1512 h
680 1450 702 1532 l,
720 1453 792 1512 nitri
811 1451 873 1534 iil,
891 1454 1004 1531 piperis
1024 1451 1048 1512 li
1070 1470 1115 1512 se·

64 1559 90 1600 15
104 1544 234 1623 missam,
253 1541 358 1602 laseris
381 1540 461 1602 llll.
493 1540 557 1601 Hoc
580 1541 795 1602 medicamento
819 1549 850 1602 et
872 1543 990 1619 saepius
1015 1541 1115 1601 fauces

104 1638 135 1692 et
157 1632 292 1709 pressius
317 1631 417 1691 fricari
441 1637 567 1708 oportet.
609 1629 710 1690 Multis
729 1638 759 1690 et
781 1629 839 1691 hoc
858 1631 971 1709 profuit
988 1629 1152 1690 medica-o

102 1728 251 1781 mentum:
275 1719 365 1800 Costi,
389 1721 457 1799 opii,
481 1721 572 1798 anesi,
595 1719 726 1799 schoeni,
749 1721 846 1780 casiae
869 1720 962 1799 rufae,
988 1718 1116 1798 singulo-

103 1827 170 1868 rum
195 1808 220 1868 Χ
243 1808 343 1886 hinos,
367 1810 410 1886 git
433 1807 503 1888 iil,
532 1809 640 1868 amomi
666 1809 815 1868 victoriati
837 1808 955 1887 pondus
978 1807 1004 1889 l,
1030 1810 1116 1889 asari,

104 1897 185 1976 qnod
209 1906 255 1957 est
279 1915 390 1977 semen,
415 1895 494 1976 llll,
517 1895 655 1956 aluminis
678 1897 741 1955 fissi
764 1895 830 1977 iil,
853 1895 946 1974 gallae
969 1897 1049 1976 quod
1071 1906 1117 1957 est

62 2001 90 2043 so
103 1985 235 2046 medium
258 1985 461 2064 magnitudine
485 1987 591 2045 ciceris
609 1982 716 2062 pilulas
737 2002 862 2044 numero
881 1984 913 2066 V,
936 1987 1018 2046 croci
1036 1985 1062 2045 li
1080 1984 1116 2064 ll,

103 2077 348 2153 crocomagmatis
371 2075 519 2134 victoriati
537 2073 663 2153 pondnS,
688 2090 804 2152 myrrae
822 2075 971 2134 victoriati
988 2073 1115 2152 pondus,

103 2163 289 2224 aristolociae
308 2162 437 2223 Graecae
458 2161 483 2222 li
502 2161 564 2242 llll,
587 2159 715 2228 cinnami
735 2161 760 2222 h
779 2160 828 2242 lll,
853 2161 1046 2223 hirundinum
1066 2160 1114 2221 sil-

103 2254 248 2312 vestrium
276 2258 450 2312 exustorum
478 2251 626 2330 pullorum
655 2252 765 2311 cineris
789 2250 814 2310 ll
835 2249 874 2332 V,
904 2251 989 2311 nardi
1016 2252 1115 2328 spicae

104 2342 253 2402 victoriati
267 2340 392 2419 pondus.
420 2339 506 2400 Melle
521 2341 619 2401 Attico
638 2340 811 2419 despumato
831 2338 1115 2419 conprehendantur

62 2429 177 2489 achaeo
206 2431 303 2490 omnia
331 2429 489 2508 diligenter
517 2431 600 2511 trita;
628 2447 696 2494 cum
724 2436 824 2490 autem
853 2447 928 2508 opus
956 2429 1047 2490 fuerit
1069 2447 1114 2489 re·

102 2520 202 2596 parari
224 2517 282 2578 hoc
305 2518 568 2599 medicamentum,
591 2518 736 2579 adicietur
760 2517 839 2597 quod
863 2521 935 2578 satis
958 2519 1016 2578 erit
1039 2520 1114 2578 eius·

102 2606 171 2666 dem
195 2606 291 2667 mellis
314 2615 345 2667 et
368 2608 411 2667 sic
435 2607 570 2668 faucibus
593 2609 751 2668 inseretur.
793 2605 856 2666 Hoc
879 2606 960 2667 Livia
983 2606 1115 2684 Atrgusta

103 2713 224 2774 semper
242 2698 439 2774 compositum
457 2695 561 2756 hahuit
579 2703 610 2755 et
623 2695 812 2755 reconditum
827 2697 858 2754 in
872 2695 991 2755 vasculo
1005 2697 1114 2775 vitreo;

103 2784 175 2843 facit
199 2786 277 2844 enim
301 2785 426 2844 mirifice
450 2784 606 2843 adversum
630 2785 766 2860 anginam
790 2791 821 2842 et
844 2782 1021 2860 synanchen.

62 2888 90 2929 so
192 2872 440 2934 Medicamentum
464 2871 499 2930 ad
519 2872 665 2950 anginam,
688 2870 767 2947 quod
786 2870 953 2948 devoratur,
972 2877 1151 2947 quantumi

104 2960 197 3039 digito
217 2980 276 3022 uno
296 2961 360 3022 tolli
378 2959 424 3019 vel
443 2957 541 3036 colligi
559 2965 667 3038 potest,
686 2959 875 3035 componitur
894 2975 930 3016 ex
948 2956 1007 3016 his:
1032 2956 1114 3016 Rhus

104 3047 218 3128 Syriaci
228 3051 342 3110 denarii
355 3050 517 3127 semissem,
531 3047 637 3125 hysopi
647 3045 831 3123 tantundem,
845 3062 984 3123 ceparum
996 3043 1114 3123 Cypria-

102 3155 172 3198 rum
199 3141 295 3216 capita
324 3141 392 3218 tria,
420 3137 525 3197 laseris
553 3135 705 3214 Cyrenaici
734 3140 877 3213 quantum
905 3135 968 3192 ervi
990 3150 1115 3212 granum

102 3234 162 3307 est,
186 3229 248 3287 vini
270 3227 346 3287 hene
370 3227 485 3287 odorati
509 3224 630 3306 cyathos
653 3232 724 3284 tres.
770 3221 844 3282 Cum
868 3223 936 3282 vino
962 3239 1051 3300 cepae
1075 3223 1115 3282 ita

177 3437 193 3486 6
217 3433 329 3500 etpost
350 3431 421 3488 bene
442 3448 492 3488 om.
583 3437 600 3486 8
619 3445 740 3499 cecryos.
832 3434 865 3483 13
888 3428 1122 3484 herundinorum.

106 3507 140 3558 15
161 3503 404 3558 medicamentum.
478 3509 511 3559 16
531 3501 645 3574 oportit.
717 3507 755 3558 Ὦ
770 3501 981 3559 harundinum„
1189 3522 1207 3599 ·,
