2438 3802
534 153 687 219 --260
735 188 772 199 -

92 332 127 381 37
235 318 279 378 td
307 320 425 378 renium
454 318 586 378 dolorem
609 316 719 377 herbae
744 317 909 376 vettonicae
932 316 1022 375 tritae
1047 314 1164 394 pondus

147 408 338 468 denariorum
367 407 495 468 duorum
523 424 594 466 sano
623 423 660 465 ex
686 403 796 485 mulso,
822 403 1004 464 febricitanti
1028 421 1068 464 ex
1091 421 1165 483 aqua

91 510 127 559 38
147 497 240 557 calida
268 496 430 557 bibendum
460 495 536 555 dato.
579 494 784 572 chamaepitys
812 511 848 554 ex
877 495 944 552 vino
972 493 1045 552 trita
1076 501 1165 572 atque

92 599 126 648 39
146 588 187 646 ita
215 594 284 665 pota
313 584 474 663 plurimum
502 582 625 661 prodest
653 585 770 643 renium
799 581 902 642 dolori.
944 579 1094 641 bacarum
1119 600 1166 642 cu·

147 676 246 753 pressi
269 672 408 732 viridium
433 673 629 732 contritarum
653 689 743 732 sucus
767 670 880 731 uolatus
904 687 971 730 cum
991 671 1063 729 vino
1083 672 1188 749 potuis

148 763 234 823 datus
254 763 328 820 mire
348 762 466 820 renium
485 759 581 820 dolori
599 760 745 841 medetur,
763 762 804 819 ita
822 767 864 840 ut,
884 760 911 818 si
925 775 1051 819 necesse
1067 758 1167 838 fuerit,

146 868 202 928 per
225 848 297 909 alios
321 866 426 907 novem
451 848 515 908 dies
538 849 663 909 adaucto
687 866 812 909 numero
836 847 976 908 bacarum
996 849 1168 927 etiterum,

147 941 174 998 si
196 940 237 997 ita
260 955 335 1015 opus
359 937 459 1018 luerit,
482 956 537 1016 per
561 937 633 998 ahos
656 955 763 998 novem
783 937 846 997 dies
865 936 1018 997 deminuto
1039 955 1167 997 numero

148 1026 244 1101 detur,
265 1044 420 1105 quousque
440 1026 475 1086 ad
495 1045 584 1087 unam
603 1026 705 1087 bacam
724 1027 806 1104 potio
821 1041 1025 1103 numerusque
1042 1024 1167 1086 descen·

148 1115 210 1197 dat3
234 1115 286 1175 sed
309 1117 488 1193 interposito
511 1134 571 1176 uno
595 1115 642 1175 die
662 1113 751 1174 debet
774 1132 839 1174 esse
859 1115 1051 1174 commutatio
1073 1117 1168 1193 potio·
1181 1131 1200 1168 o

94 1216 128 1264 40
148 1206 194 1264 uis
218 1204 254 1264 de
278 1206 390 1264 maiore
414 1204 450 1264 ad
474 1207 620 1267 minorem
643 1203 772 1263 modum.
810 1201 921 1262 Lanam
944 1201 1082 1262 sucidam
1102 1207 1169 1283 pice

149 1293 261 1371 liquida
280 1293 372 1353 inline
392 1303 422 1354 et
440 1293 581 1354 umbilico
596 1295 715 1371 inpone,
734 1293 834 1351 statim
849 1293 966 1351 renium
981 1289 1070 1350 dolor
1086 1292 1169 1352 seda·

95 1392 128 1440 41
148 1381 238 1442 bitur.
273 1382 430 1442 Artemisia
450 1381 542 1441 herba
561 1390 616 1462 est,
640 1398 728 1459 quam
747 1379 856 1439 Gallice
876 1378 1046 1439 bricumum
1068 1381 1168 1460 appel·

148 1471 222 1551 lant,
250 1471 326 1530 hanc
356 1469 407 1529 ubi
432 1479 572 1530 nascatur
599 1471 721 1547 require
750 1478 780 1529 et
807 1470 956 1529 inventam
985 1486 1075 1528 mane
1101 1479 1169 1530 ante

148 1559 220 1620 solis
243 1567 342 1618 ortum
366 1559 487 1618 sinistra
510 1575 600 1619 manu
622 1557 760 1618 extrahes
783 1565 872 1617 etex
896 1575 929 1616 ea
953 1556 1052 1617 nudos
1078 1577 1168 1618 renes
1182 1573 1202 1614 u

149 1649 336 1726 praecinges3
365 1665 423 1725 quo
452 1646 529 1707 lacto
558 1645 701 1724 singulari
731 1654 761 1706 et
788 1653 1002 1724 praesentaneo
1030 1647 1168 1707 remedio

96 1746 129 1794 42
149 1738 252 1797 uteris.
300 1735 370 1796 Pice
399 1735 510 1814 liquida
537 1733 659 1813 pollices
683 1742 742 1794 tam
767 1734 877 1812 pedum
905 1751 994 1813 quam
1022 1752 1169 1797 manuum

150 1825 186 1885 ab
220 1824 370 1902 unguibus
403 1842 499 1903 usque
528 1824 564 1884 ad
595 1825 691 1903 prima
723 1823 917 1883 articulorum
944 1824 1028 1882 initia
1056 1823 1169 1884 inlines

151 1922 180 1974 et
204 1913 336 1974 chartam
362 1932 560 1995 superpones,
589 1914 667 1972 intra
694 1911 827 1972 triduum
855 1914 896 1972 ita
923 1910 1068 1971 sanabere
1094 1912 1169 1973 lum-

149 2002 258 2063 borum
281 2002 397 2085 dolore,
424 2012 458 2063 ut
487 2021 542 2082 per
569 2000 700 2082 singulas
724 2009 827 2061 noctes
851 2000 1029 2061 detrimenta
1053 2001 1201 2062 dolorisu

149 2091 312 2170 intellegas.

97 2189 131 2238 43
240 2179 298 2249 Qui
325 2182 443 2240 renium
467 2179 569 2239 dolore
592 2178 759 2259 vexabitur,
782 2181 813 2239 iu
837 2178 939 2238 charta
962 2177 1030 2237 rudi
1055 2179 1168 2240 scribat

152 2269 339 2328 characteres
367 2269 444 2327 inira
473 2269 601 2344 scriptos
629 2275 660 2326 et
686 2285 760 2327 auro
787 2267 834 2326 vel
862 2284 954 2345 cupro
978 2266 1115 2328 includat
1139 2277 1168 2329 et

98 2365 133 2413 44
152 2359 231 2427 circa
250 2372 338 2413 renes
357 2354 464 2433 alliget,
482 2357 559 2413 miro
577 2354 710 2414 remedio
724 2363 839 2416 utetur:
858 2357 1050 2436 καραβραωθ.
1082 2356 1168 2418 Passi

153 2442 261 2501 Cretici
285 2441 406 2518 cyathos
430 2449 505 2520 treS,
529 2441 613 2502 lactis
637 2445 762 2520 capruni
784 2443 900 2523 itidem,
928 2447 1050 2504 seminis
1075 2458 1199 2507 ouon-2⁵

152 2531 243 2589 meris
271 2547 362 2606 grana
385 2527 509 2588 XXlllll
536 2532 646 2608 optime
674 2533 744 2591 trita
773 2531 861 2592 simul
886 2551 945 2592 una
968 2535 1090 2612 potione
1118 2536 1168 2614 qui

153 2617 271 2697 biberit,
295 2616 463 2678 absolvetur
486 2620 604 2678 renium
627 2618 738 2680 dolore.

99 2717 133 2766 45
241 2705 422 2784 Molligiuem
450 2725 486 2767 ex
513 2709 581 2768 vino
609 2710 720 2788 optimo
743 2707 825 2769 bibat
848 2712 901 2788 qui
923 2711 1039 2770 renium
1064 2710 1167 2772 dolore

154 2795 316 2878 vexabitur,
336 2796 493 2857 confestim
512 2815 601 2858 sanus
622 2800 692 2880 erit3
712 2816 817 2859 sucum
833 2817 951 2878 quoque
966 2797 1075 2859 radicis
1090 2818 1168 2861 ama·

154 2905 204 2947 rae
229 2904 297 2946 cum
320 2885 407 2946 melle
430 2889 555 2948 mixtum
578 2886 660 2948 bibat
683 2889 801 2948 ieiunus
825 2887 870 2947 vel
894 2906 928 2947 ex
949 2889 1016 2947 vino
1036 2898 1203 2971 austerque

100 2985 134 3033 46
155 2978 253 3037 statim
273 2975 495 3037 remediabitur.
525 2976 714 3036 Artemisiam
729 2977 837 3037 tundes
852 2984 881 3036 et
896 2995 964 3036 oum
979 2976 1065 3054 adipe
1081 2979 1170 3039 suilla

114 3069 117 3075 ’
154 3074 206 3126 aut
230 3064 361 3144 qualibet
383 3074 482 3126 vetere
507 3064 627 3143 subiges
650 3074 681 3125 et
700 3083 797 3143 panno
816 3063 967 3124 inductam
986 3083 1040 3143 pro
1060 3067 1170 3148 malag-

102 3161 135 3211 47
155 3162 232 3214 mate
252 3153 374 3214 renibus
393 3156 511 3232 inpone.
545 3152 661 3232 Mulier,
686 3171 760 3231 quae
782 3154 915 3230 geminos
933 3156 1058 3233 peperit,
1079 3174 1170 3217 renes

155 3241 289 3302 dolentes
312 3241 506 3321 supercalcet,
529 3243 670 3304 continuo
694 3240 816 3302 sanabit.

246 3450 260 3496 1
280 3444 385 3516 dolore,
402 3447 464 3503 ium
484 3452 509 3501 4.
601 3453 616 3501 d
636 3445 660 3500 si
678 3463 728 3502 our.
802 3454 817 3502 7
837 3446 947 3503 adiecto
965 3465 1017 3517 pro
1035 3449 1170 3508 adaucto.

157 3519 190 3567 12
211 3513 361 3569 umbiculo.
435 3522 467 3570 13
487 3515 660 3572 artimisiom.
733 3524 766 3572 23
789 3517 915 3588 scriptus.
