<?xml version="1.0" encoding="UTF-8"?>
<!DOCTYPE html PUBLIC "-//W3C//DTD XHTML 1.0 Transitional//EN"
    "http://www.w3.org/TR/xhtml1/DTD/xhtml1-transitional.dtd">
<html xmlns="http://www.w3.org/1999/xhtml" xml:lang="en" lang="en">
 <head>
  <title>
</title>
<meta http-equiv="Content-Type" content="text/html;charset=utf-8" />
  <meta name='ocr-system' content='tesseract 3.04.00' />
  <meta name='ocr-capabilities' content='ocr_page ocr_carea ocr_par ocr_line ocrx_word'/>
</head>
<body>
  <div class='ocr_page' id='page_1' title='image "./marcellidemedic01helmgoog_0138.png"; bbox 0 0 2438 3802; ppageno 0'>
   <div class='ocr_carea' id='block_1_1' title="bbox 498 141 736 203">
    <p class='ocr_par' dir='ltr' id='par_1_1' title="bbox 498 141 736 203">
     <span class='ocr_line' id='line_1_1' title="bbox 498 141 736 203; baseline 0 0"><span class='ocrx_word' id='word_1_1' title='bbox 498 141 736 203; x_wconf 75' lang='lat'>-127—</span> 
     </span>
    </p>
   </div>
   <div class='ocr_carea' id='block_1_2' title="bbox 67 300 1174 1426">
    <p class='ocr_par' dir='ltr' id='par_1_2' title="bbox 107 300 1174 647">
     <span class='ocr_line' id='line_1_2' title="bbox 108 300 1174 366; baseline 0.002 -4"><span class='ocrx_word' id='word_1_2' title='bbox 108 300 270 363; x_wconf 80' lang='lat' dir='ltr'><strong>salubriter</strong></span> <span class='ocrx_word' id='word_1_3' title='bbox 289 300 393 361; x_wconf 88' lang='lat' dir='ltr'><strong>dentes</strong></span> <span class='ocrx_word' id='word_1_4' title='bbox 413 300 602 362; x_wconf 82' lang='lat' dir='ltr'><strong>conluantur.</strong></span> <span class='ocrx_word' id='word_1_5' title='bbox 633 301 734 361; x_wconf 81' lang='lat' dir='ltr'><strong>limus</strong></span> <span class='ocrx_word' id='word_1_6' title='bbox 753 302 835 360; x_wconf 89' lang='lat' dir='ltr'><strong>corvi</strong></span> <span class='ocrx_word' id='word_1_7' title='bbox 853 300 950 360; x_wconf 94' lang='lat' dir='ltr'><strong>lanula</strong></span> <span class='ocrx_word' id='word_1_8' title='bbox 965 301 1121 365; x_wconf 79' lang='lat' dir='ltr'><strong>obvolutus</strong></span> <span class='ocrx_word' id='word_1_9' title='bbox 1141 317 1174 366; x_wconf 83' lang='lat' dir='ltr'><strong>ot</strong></span> 
     </span>
     <span class='ocr_line' id='line_1_3' title="bbox 107 388 1120 470; baseline 0 -19"><span class='ocrx_word' id='word_1_10' title='bbox 107 390 193 451; x_wconf 88' lang='lat' dir='ltr'><strong>denti</strong></span> <span class='ocrx_word' id='word_1_11' title='bbox 216 407 286 449; x_wconf 86' lang='lat' dir='ltr'><strong>cavo</strong></span> <span class='ocrx_word' id='word_1_12' title='bbox 309 389 478 470; x_wconf 90' lang='lat' dir='ltr'><strong>inlulcitur,</strong></span> <span class='ocrx_word' id='word_1_13' title='bbox 506 391 674 450; x_wconf 77' lang='lat' dir='ltr'><strong>minutatim</strong></span> <span class='ocrx_word' id='word_1_14' title='bbox 698 407 731 449; x_wconf 89' lang='lat' dir='ltr'><strong>ac</strong></span> <span class='ocrx_word' id='word_1_15' title='bbox 755 389 819 448; x_wconf 89' lang='lat' dir='ltr'><strong>sino</strong></span> <span class='ocrx_word' id='word_1_16' title='bbox 843 388 944 449; x_wconf 93' lang='lat' dir='ltr'><strong>dolore</strong></span> <span class='ocrx_word' id='word_1_17' title='bbox 971 408 1038 450; x_wconf 93' lang='lat' dir='ltr'><strong>eum</strong></span> <span class='ocrx_word' id='word_1_18' title='bbox 1062 391 1120 451; x_wconf 88' lang='lat' dir='ltr'><strong>dis-</strong></span> 
     </span>
     <span class='ocr_line' id='line_1_4' title="bbox 107 476 1173 560; baseline -0.003 -17"><span class='ocrx_word' id='word_1_19' title='bbox 107 481 211 543; x_wconf 80' lang='lat' dir='ltr'><strong>cutiet.</strong></span> <span class='ocrx_word' id='word_1_20' title='bbox 244 477 410 560; x_wconf 79' lang='lat' dir='ltr'><strong>Veratrum,</strong></span> <span class='ocrx_word' id='word_1_21' title='bbox 433 479 462 538; x_wconf 94' lang='lat' dir='ltr'><strong>id</strong></span> <span class='ocrx_word' id='word_1_22' title='bbox 486 488 532 538; x_wconf 92' lang='lat' dir='ltr'><strong>est</strong></span> <span class='ocrx_word' id='word_1_23' title='bbox 555 478 664 538; x_wconf 88' lang='lat' dir='ltr'><strong>bulbus</strong></span> <span class='ocrx_word' id='word_1_24' title='bbox 688 476 765 556; x_wconf 93' lang='lat' dir='ltr'><strong>quod</strong></span> <span class='ocrx_word' id='word_1_25' title='bbox 790 486 836 538; x_wconf 91' lang='lat' dir='ltr'><strong>est</strong></span> <span class='ocrx_word' id='word_1_26' title='bbox 855 495 949 556; x_wconf 85' lang='lat' dir='ltr'><strong>genus</strong></span> <span class='ocrx_word' id='word_1_27' title='bbox 968 497 1067 557; x_wconf 91' lang='lat' dir='ltr'><strong>cepae,</strong></span> <span class='ocrx_word' id='word_1_28' title='bbox 1089 482 1119 539; x_wconf 92' lang='lat' dir='ltr'><strong>in</strong></span> <span class='ocrx_word' id='word_1_29' title='bbox 1140 493 1173 542; x_wconf 84' lang='grc'><strong>62</strong></span> 
     </span>
     <span class='ocr_line' id='line_1_5' title="bbox 107 565 1120 647; baseline -0.002 -19"><span class='ocrx_word' id='word_1_30' title='bbox 107 578 192 628; x_wconf 86' lang='lat' dir='ltr'><strong>aceto</strong></span> <span class='ocrx_word' id='word_1_31' title='bbox 216 565 393 645; x_wconf 81' lang='lat' dir='ltr'><strong>decoquitur</strong></span> <span class='ocrx_word' id='word_1_32' title='bbox 416 567 506 646; x_wconf 92' lang='lat' dir='ltr'><strong>idque</strong></span> <span class='ocrx_word' id='word_1_33' title='bbox 530 575 646 628; x_wconf 90' lang='lat' dir='ltr'><strong>acetum</strong></span> <span class='ocrx_word' id='word_1_34' title='bbox 670 585 721 627; x_wconf 89' lang='lat' dir='ltr'><strong>ore</strong></span> <span class='ocrx_word' id='word_1_35' title='bbox 745 568 924 647; x_wconf 84' lang='lat' dir='ltr'><strong>continetur,</strong></span> <span class='ocrx_word' id='word_1_36' title='bbox 950 575 984 627; x_wconf 88' lang='lat' dir='ltr'><strong>ut</strong></span> <span class='ocrx_word' id='word_1_37' title='bbox 1006 565 1120 626; x_wconf 92' lang='lat' dir='ltr'><strong>mobili-</strong></span> 
     </span>
    </p>

    <p class='ocr_par' dir='ltr' id='par_1_3' title="bbox 80 655 1173 1089">
     <span class='ocr_line' id='line_1_6' title="bbox 80 655 1173 736; baseline 0 -19"><span class='ocrx_word' id='word_1_38' title='bbox 80 664 152 717; x_wconf 86' lang='lat' dir='ltr'><strong>ates</strong></span> <span class='ocrx_word' id='word_1_39' title='bbox 177 655 311 715; x_wconf 92' lang='lat' dir='ltr'><strong>dentium</strong></span> <span class='ocrx_word' id='word_1_40' title='bbox 335 657 465 716; x_wconf 90' lang='lat' dir='ltr'><strong>sistatur.</strong></span> <span class='ocrx_word' id='word_1_41' title='bbox 506 655 674 736; x_wconf 84' lang='lat' dir='ltr'><strong>Ruborem,</strong></span> <span class='ocrx_word' id='word_1_42' title='bbox 701 657 733 715; x_wconf 95' lang='lat' dir='ltr'><strong>in</strong></span> <span class='ocrx_word' id='word_1_43' title='bbox 757 655 866 734; x_wconf 91' lang='lat' dir='ltr'><strong>quibus</strong></span> <span class='ocrx_word' id='word_1_44' title='bbox 888 674 971 716; x_wconf 91' lang='lat' dir='ltr'><strong>mora</strong></span> <span class='ocrx_word' id='word_1_45' title='bbox 995 674 1120 716; x_wconf 91' lang='lat' dir='ltr'><strong>nescun·</strong></span> <span class='ocrx_word' id='word_1_46' title='bbox 1140 669 1173 717; x_wconf 85' lang='grc'><strong>63</strong></span> 
     </span>
     <span class='ocr_line' id='line_1_7' title="bbox 106 744 1120 824; baseline 0.001 -19"><span class='ocrx_word' id='word_1_47' title='bbox 106 754 171 824; x_wconf 90' lang='lat' dir='ltr'><strong>tur,</strong></span> <span class='ocrx_word' id='word_1_48' title='bbox 198 745 331 822; x_wconf 86' lang='lat' dir='ltr'><strong>pampini</strong></span> <span class='ocrx_word' id='word_1_49' title='bbox 358 744 567 822; x_wconf 90' lang='lat' dir='ltr'><strong>decoquuntur</strong></span> <span class='ocrx_word' id='word_1_50' title='bbox 594 746 626 804; x_wconf 93' lang='lat' dir='ltr'><strong>in</strong></span> <span class='ocrx_word' id='word_1_51' title='bbox 653 747 722 804; x_wconf 89' lang='lat' dir='ltr'><strong>vino</strong></span> <span class='ocrx_word' id='word_1_52' title='bbox 750 753 883 820; x_wconf 86' lang='lat' dir='ltr'><strong>austero,</strong></span> <span class='ocrx_word' id='word_1_53' title='bbox 914 745 991 824; x_wconf 92' lang='lat' dir='ltr'><strong>quod</strong></span> <span class='ocrx_word' id='word_1_54' title='bbox 1019 747 1120 806; x_wconf 90' lang='lat' dir='ltr'><strong>vinum</strong></span> 
     </span>
     <span class='ocr_line' id='line_1_8' title="bbox 106 831 1120 910; baseline 0.002 -17"><span class='ocrx_word' id='word_1_55' title='bbox 106 831 232 894; x_wconf 86' lang='lat' dir='ltr'><strong>adsidue</strong></span> <span class='ocrx_word' id='word_1_56' title='bbox 260 849 312 895; x_wconf 92' lang='lat' dir='ltr'><strong>ore</strong></span> <span class='ocrx_word' id='word_1_57' title='bbox 339 841 453 893; x_wconf 89' lang='lat' dir='ltr'><strong>tentum</strong></span> <span class='ocrx_word' id='word_1_58' title='bbox 485 833 531 893; x_wconf 91' lang='lat' dir='ltr'><strong>vel</strong></span> <span class='ocrx_word' id='word_1_59' title='bbox 556 835 619 910; x_wconf 90' lang='lat' dir='ltr'><strong>ipsa</strong></span> <span class='ocrx_word' id='word_1_60' title='bbox 649 833 717 893; x_wconf 92' lang='lat' dir='ltr'><strong>lolie</strong></span> <span class='ocrx_word' id='word_1_61' title='bbox 745 833 987 894; x_wconf 88' lang='lat' dir='ltr'><strong>commanducata</strong></span> <span class='ocrx_word' id='word_1_62' title='bbox 1015 833 1120 895; x_wconf 89' lang='lat' dir='ltr'><strong>dentes</strong></span> 
     </span>
     <span class='ocr_line' id='line_1_9' title="bbox 106 921 1173 1002; baseline 0.002 -20"><span class='ocrx_word' id='word_1_63' title='bbox 106 921 241 982; x_wconf 89' lang='lat' dir='ltr'><strong>labantes</strong></span> <span class='ocrx_word' id='word_1_64' title='bbox 269 921 454 981; x_wconf 83' lang='lat' dir='ltr'><strong>confirmant.</strong></span> <span class='ocrx_word' id='word_1_65' title='bbox 499 921 641 999; x_wconf 84' lang='lat' dir='ltr'><strong>Bestiole,</strong></span> <span class='ocrx_word' id='word_1_66' title='bbox 670 940 744 1000; x_wconf 94' lang='lat' dir='ltr'><strong>quee</strong></span> <span class='ocrx_word' id='word_1_67' title='bbox 772 921 920 983; x_wconf 86' lang='lat' dir='ltr'><strong>brassicae</strong></span> <span class='ocrx_word' id='word_1_68' title='bbox 946 925 1119 1002; x_wconf 88' lang='lat' dir='ltr'><strong>innascitur,</strong></span> <span class='ocrx_word' id='word_1_69' title='bbox 1139 937 1173 986; x_wconf 82' lang='grc'><strong>64</strong></span> 
     </span>
     <span class='ocr_line' id='line_1_10' title="bbox 106 1010 1118 1089; baseline 0.002 -18"><span class='ocrx_word' id='word_1_70' title='bbox 106 1011 183 1071; x_wconf 86' lang='lat' dir='ltr'><strong>dens</strong></span> <span class='ocrx_word' id='word_1_71' title='bbox 206 1011 331 1069; x_wconf 84' lang='lat' dir='ltr'><strong>vitiosus</strong></span> <span class='ocrx_word' id='word_1_72' title='bbox 355 1013 473 1088; x_wconf 89' lang='lat' dir='ltr'><strong>saepius</strong></span> <span class='ocrx_word' id='word_1_73' title='bbox 493 1010 675 1070; x_wconf 83' lang='lat' dir='ltr'><strong>confricatus</strong></span> <span class='ocrx_word' id='word_1_74' title='bbox 693 1012 771 1071; x_wconf 90' lang='lat' dir='ltr'><strong>iutra</strong></span> <span class='ocrx_word' id='word_1_75' title='bbox 791 1010 855 1070; x_wconf 91' lang='lat' dir='ltr'><strong>dies</strong></span> <span class='ocrx_word' id='word_1_76' title='bbox 873 1029 984 1089; x_wconf 93' lang='lat' dir='ltr'><strong>paucos</strong></span> <span class='ocrx_word' id='word_1_77' title='bbox 1004 1014 1118 1073; x_wconf 92' lang='lat' dir='ltr'><strong>eicitur.</strong></span> 
     </span>
    </p>

    <p class='ocr_par' dir='ltr' id='par_1_4' title="bbox 67 1097 1172 1426">
     <span class='ocr_line' id='line_1_11' title="bbox 67 1097 1172 1177; baseline 0.004 -19"><span class='ocrx_word' id='word_1_78' title='bbox 67 1119 93 1160; x_wconf 79' lang='grc' dir='ltr'><strong>ιο</strong></span> <span class='ocrx_word' id='word_1_79' title='bbox 106 1099 194 1158; x_wconf 83' lang='lat' dir='ltr'><strong>Aeris</strong></span> <span class='ocrx_word' id='word_1_80' title='bbox 212 1097 317 1157; x_wconf 88' lang='lat' dir='ltr'><strong>florem</strong></span> <span class='ocrx_word' id='word_1_81' title='bbox 335 1097 484 1177; x_wconf 89' lang='lat' dir='ltr'><strong>lloresque</strong></span> <span class='ocrx_word' id='word_1_82' title='bbox 502 1099 629 1159; x_wconf 89' lang='lat' dir='ltr'><strong>hederae</strong></span> <span class='ocrx_word' id='word_1_83' title='bbox 648 1100 714 1176; x_wconf 92' lang='lat' dir='ltr'><strong>peri</strong></span> <span class='ocrx_word' id='word_1_84' title='bbox 732 1098 864 1175; x_wconf 87' lang='lat' dir='ltr'><strong>pondere</strong></span> <span class='ocrx_word' id='word_1_85' title='bbox 878 1102 909 1159; x_wconf 94' lang='lat' dir='ltr'><strong>in</strong></span> <span class='ocrx_word' id='word_1_86' title='bbox 923 1118 1016 1159; x_wconf 91' lang='lat' dir='ltr'><strong>unum</strong></span> <span class='ocrx_word' id='word_1_87' title='bbox 1031 1103 1119 1161; x_wconf 90' lang='lat' dir='ltr'><strong>terito</strong></span> <span class='ocrx_word' id='word_1_88' title='bbox 1139 1115 1172 1162; x_wconf 79' lang='lat' dir='ltr'><strong>ee</strong></span> 
     </span>
     <span class='ocr_line' id='line_1_12' title="bbox 104 1187 1121 1267; baseline -0.002 -19"><span class='ocrx_word' id='word_1_89' title='bbox 104 1190 236 1266; x_wconf 82' lang='lat' dir='ltr'><strong>vinoque</strong></span> <span class='ocrx_word' id='word_1_90' title='bbox 260 1188 382 1247; x_wconf 91' lang='lat' dir='ltr'><strong>misceto</strong></span> <span class='ocrx_word' id='word_1_91' title='bbox 407 1206 441 1247; x_wconf 91' lang='lat' dir='ltr'><strong>ec</strong></span> <span class='ocrx_word' id='word_1_92' title='bbox 464 1187 587 1248; x_wconf 91' lang='lat' dir='ltr'><strong>neribus</strong></span> <span class='ocrx_word' id='word_1_93' title='bbox 610 1187 770 1267; x_wconf 88' lang='lat' dir='ltr'><strong>moderate,</strong></span> <span class='ocrx_word' id='word_1_94' title='bbox 794 1206 862 1247; x_wconf 93' lang='lat' dir='ltr'><strong>cum</strong></span> <span class='ocrx_word' id='word_1_95' title='bbox 882 1187 1015 1248; x_wconf 91' lang='lat' dir='ltr'><strong>dentium</strong></span> <span class='ocrx_word' id='word_1_96' title='bbox 1037 1188 1121 1248; x_wconf 89' lang='lat' dir='ltr'><strong>dolor</strong></span> 
     </span>
     <span class='ocr_line' id='line_1_13' title="bbox 105 1274 1120 1355; baseline -0.002 -19"><span class='ocrx_word' id='word_1_97' title='bbox 105 1277 207 1355; x_wconf 88' lang='lat' dir='ltr'><strong>luerit,</strong></span> <span class='ocrx_word' id='word_1_98' title='bbox 229 1274 361 1355; x_wconf 88' lang='lat' dir='ltr'><strong>inlunde,</strong></span> <span class='ocrx_word' id='word_1_99' title='bbox 385 1278 483 1336; x_wconf 89' lang='lat' dir='ltr'><strong>stetim</strong></span> <span class='ocrx_word' id='word_1_100' title='bbox 508 1278 603 1336; x_wconf 90' lang='lat' dir='ltr'><strong>omnis</strong></span> <span class='ocrx_word' id='word_1_101' title='bbox 623 1274 758 1335; x_wconf 91' lang='lat' dir='ltr'><strong>molestie</strong></span> <span class='ocrx_word' id='word_1_102' title='bbox 777 1275 910 1335; x_wconf 90' lang='lat' dir='ltr'><strong>dentium</strong></span> <span class='ocrx_word' id='word_1_103' title='bbox 929 1277 1120 1353; x_wconf 85' lang='lat' dir='ltr'><strong>conpescitur</strong></span> 
     </span>
     <span class='ocr_line' id='line_1_14' title="bbox 105 1373 291 1426; baseline -0.016 0"><span class='ocrx_word' id='word_1_104' title='bbox 105 1375 136 1426; x_wconf 88' lang='lat' dir='ltr'><strong>et</strong></span> <span class='ocrx_word' id='word_1_105' title='bbox 160 1373 291 1424; x_wconf 89' lang='lat' dir='ltr'><strong>senatur.</strong></span> 
     </span>
    </p>
   </div>
   <div class='ocr_carea' id='block_1_3' title="bbox 266 1469 964 1652">
    <p class='ocr_par' dir='ltr' id='par_1_5' title="bbox 266 1469 964 1652">
     <span class='ocr_line' id='line_1_15' title="bbox 525 1469 704 1530; baseline -0.011 0"><span class='ocrx_word' id='word_1_106' title='bbox 525 1469 604 1530; x_wconf 79' lang='lat' dir='ltr'><strong>CAP.</strong></span> <span class='ocrx_word' id='word_1_107' title='bbox 629 1469 704 1529; x_wconf 90' lang='lat' dir='ltr'><strong>lllll.</strong></span> 
     </span>
     <span class='ocr_line' id='line_1_16' title="bbox 266 1580 964 1652; baseline 0.001 -16"><span class='ocrx_word' id='word_1_108' title='bbox 266 1580 464 1637; x_wconf 72' lang='lat' dir='ltr'><strong>Dentilbicic</strong></span> <span class='ocrx_word' id='word_1_109' title='bbox 486 1581 622 1637; x_wconf 86' lang='lat' dir='ltr'><strong>diversa</strong></span> <span class='ocrx_word' id='word_1_110' title='bbox 645 1583 688 1637; x_wconf 87' lang='lat' dir='ltr'><strong>de</strong></span> <span class='ocrx_word' id='word_1_111' title='bbox 712 1581 964 1652; x_wconf 81' lang='lat' dir='ltr'><strong>experimentis.</strong></span> 
     </span>
    </p>
   </div>
   <div class='ocr_carea' id='block_1_4' title="bbox 61 1717 1153 3126">
    <p class='ocr_par' dir='ltr' id='par_1_6' title="bbox 61 1717 1153 3126">
     <span class='ocr_line' id='line_1_17' title="bbox 196 1717 1153 1798; baseline 0 -20"><span class='ocrx_word' id='word_1_112' title='bbox 196 1717 411 1797; x_wconf 85' lang='lat' dir='ltr'><strong>Dentifricium,</strong></span> <span class='ocrx_word' id='word_1_113' title='bbox 436 1718 515 1796; x_wconf 90' lang='lat' dir='ltr'><strong>quod</strong></span> <span class='ocrx_word' id='word_1_114' title='bbox 539 1718 710 1797; x_wconf 89' lang='lat' dir='ltr'><strong>splendidos</strong></span> <span class='ocrx_word' id='word_1_115' title='bbox 734 1719 804 1779; x_wconf 87' lang='lat' dir='ltr'><strong>lecit</strong></span> <span class='ocrx_word' id='word_1_116' title='bbox 827 1717 940 1798; x_wconf 90' lang='lat' dir='ltr'><strong>dentes,</strong></span> <span class='ocrx_word' id='word_1_117' title='bbox 962 1718 1119 1778; x_wconf 85' lang='lat' dir='ltr'><strong>coniicitur</strong></span> <span class='ocrx_word' id='word_1_118' title='bbox 1139 1731 1153 1778; x_wconf 95' lang='lat'>1</span> 
     </span>
     <span class='ocr_line' id='line_1_18' title="bbox 65 1805 1118 1885; baseline 0.001 -18"><span class='ocrx_word' id='word_1_119' title='bbox 65 1828 91 1868; x_wconf 78' lang='lat' dir='ltr'><strong>aa</strong></span> <span class='ocrx_word' id='word_1_120' title='bbox 106 1809 163 1868; x_wconf 85' lang='lat' dir='ltr'><strong>sic:</strong></span> <span class='ocrx_word' id='word_1_121' title='bbox 178 1805 302 1866; x_wconf 85' lang='lat' dir='ltr'><strong>Farinae</strong></span> <span class='ocrx_word' id='word_1_122' title='bbox 313 1805 480 1866; x_wconf 90' lang='lat' dir='ltr'><strong>hordiaciae</strong></span> <span class='ocrx_word' id='word_1_123' title='bbox 491 1805 522 1866; x_wconf 63' lang='grc' dir='ltr'><strong><em>ἃ</em></strong></span> <span class='ocrx_word' id='word_1_124' title='bbox 534 1807 547 1866; x_wconf 98' lang='lat' dir='ltr'><strong>l</strong></span> <span class='ocrx_word' id='word_1_125' title='bbox 561 1810 719 1885; x_wconf 83' lang='lat' dir='ltr'><strong>conspergi</strong></span> <span class='ocrx_word' id='word_1_126' title='bbox 732 1814 850 1884; x_wconf 88' lang='lat' dir='ltr'><strong>oportet</strong></span> <span class='ocrx_word' id='word_1_127' title='bbox 860 1815 943 1867; x_wconf 91' lang='lat' dir='ltr'><strong>aceto</strong></span> <span class='ocrx_word' id='word_1_128' title='bbox 953 1825 1021 1867; x_wconf 88' lang='lat' dir='ltr'><strong>cum</strong></span> <span class='ocrx_word' id='word_1_129' title='bbox 1032 1805 1118 1868; x_wconf 88' lang='lat' dir='ltr'><strong>melle</strong></span> 
     </span>
     <span class='ocr_line' id='line_1_19' title="bbox 104 1894 1117 1977; baseline 0.002 -22"><span class='ocrx_word' id='word_1_130' title='bbox 104 1897 199 1956; x_wconf 83' lang='lat' dir='ltr'><strong>mixto</strong></span> <span class='ocrx_word' id='word_1_131' title='bbox 213 1903 243 1956; x_wconf 90' lang='lat' dir='ltr'><strong>ct</strong></span> <span class='ocrx_word' id='word_1_132' title='bbox 257 1894 355 1974; x_wconf 85' lang='lat' dir='ltr'><strong>subigi</strong></span> <span class='ocrx_word' id='word_1_133' title='bbox 370 1895 482 1955; x_wconf 91' lang='lat' dir='ltr'><strong>diutius</strong></span> <span class='ocrx_word' id='word_1_134' title='bbox 497 1904 586 1974; x_wconf 89' lang='lat' dir='ltr'><strong>etque</strong></span> <span class='ocrx_word' id='word_1_135' title='bbox 599 1897 640 1955; x_wconf 94' lang='lat' dir='ltr'><strong>ite</strong></span> <span class='ocrx_word' id='word_1_136' title='bbox 656 1897 687 1954; x_wconf 93' lang='lat' dir='ltr'><strong>in</strong></span> <span class='ocrx_word' id='word_1_137' title='bbox 706 1894 840 1972; x_wconf 83' lang='lat' dir='ltr'><strong>globulos</strong></span> <span class='ocrx_word' id='word_1_138' title='bbox 860 1895 951 1954; x_wconf 86' lang='lat' dir='ltr'><strong>dividi</strong></span> <span class='ocrx_word' id='word_1_139' title='bbox 969 1914 1034 1977; x_wconf 80' lang='lat' dir='ltr'><strong>sex3</strong></span> <span class='ocrx_word' id='word_1_140' title='bbox 1053 1899 1117 1974; x_wconf 92' lang='lat' dir='ltr'><strong>qui-</strong></span> 
     </span>
     <span class='ocr_line' id='line_1_20' title="bbox 106 1982 1117 2062; baseline 0.003 -20"><span class='ocrx_word' id='word_1_141' title='bbox 106 1982 165 2044; x_wconf 91' lang='lat' dir='ltr'><strong>bus</strong></span> <span class='ocrx_word' id='word_1_142' title='bbox 178 1982 306 2045; x_wconf 90' lang='lat' dir='ltr'><strong>dilatetis</strong></span> <span class='ocrx_word' id='word_1_143' title='bbox 321 1984 478 2044; x_wconf 85' lang='lat' dir='ltr'><strong>admisceri</strong></span> <span class='ocrx_word' id='word_1_144' title='bbox 493 1984 561 2043; x_wconf 89' lang='lat' dir='ltr'><strong>selis</strong></span> <span class='ocrx_word' id='word_1_145' title='bbox 576 1984 689 2043; x_wconf 85' lang='lat' dir='ltr'><strong>tossicii</strong></span> <span class='ocrx_word' id='word_1_146' title='bbox 703 1985 893 2062; x_wconf 90' lang='lat' dir='ltr'><strong>semunciam,</strong></span> <span class='ocrx_word' id='word_1_147' title='bbox 908 1983 1015 2044; x_wconf 90' lang='lat' dir='ltr'><strong>deinde</strong></span> <span class='ocrx_word' id='word_1_148' title='bbox 1030 1985 1117 2045; x_wconf 84' lang='lat' dir='ltr'><strong>furno</strong></span> 
     </span>
     <span class='ocr_line' id='line_1_21' title="bbox 106 2071 1119 2153; baseline 0.001 -22"><span class='ocrx_word' id='word_1_149' title='bbox 106 2073 207 2153; x_wconf 91' lang='lat' dir='ltr'><strong>coqui,</strong></span> <span class='ocrx_word' id='word_1_150' title='bbox 231 2073 325 2133; x_wconf 92' lang='lat' dir='ltr'><strong>donec</strong></span> <span class='ocrx_word' id='word_1_151' title='bbox 347 2075 379 2132; x_wconf 90' lang='lat' dir='ltr'><strong>in</strong></span> <span class='ocrx_word' id='word_1_152' title='bbox 403 2071 562 2132; x_wconf 91' lang='lat' dir='ltr'><strong>carbonem</strong></span> <span class='ocrx_word' id='word_1_153' title='bbox 585 2071 772 2151; x_wconf 80' lang='lat' dir='ltr'><strong>redigentur3</strong></span> <span class='ocrx_word' id='word_1_154' title='bbox 795 2079 867 2131; x_wconf 84' lang='lat' dir='ltr'><strong>turm</strong></span> <span class='ocrx_word' id='word_1_155' title='bbox 890 2074 948 2132; x_wconf 91' lang='lat' dir='ltr'><strong>teri</strong></span> <span class='ocrx_word' id='word_1_156' title='bbox 968 2071 1119 2150; x_wconf 92' lang='lat' dir='ltr'><strong>oportebit</strong></span> 
     </span>
     <span class='ocr_line' id='line_1_22' title="bbox 106 2159 1118 2239; baseline -0.001 -18"><span class='ocrx_word' id='word_1_157' title='bbox 106 2159 207 2221; x_wconf 90' lang='lat' dir='ltr'><strong>eedem</strong></span> <span class='ocrx_word' id='word_1_158' title='bbox 223 2170 254 2221; x_wconf 91' lang='lat' dir='ltr'><strong>et</strong></span> <span class='ocrx_word' id='word_1_159' title='bbox 268 2162 424 2221; x_wconf 90' lang='lat' dir='ltr'><strong>admisceri</strong></span> <span class='ocrx_word' id='word_1_160' title='bbox 439 2162 538 2239; x_wconf 89' lang='lat' dir='ltr'><strong>spicae</strong></span> <span class='ocrx_word' id='word_1_161' title='bbox 553 2160 638 2220; x_wconf 92' lang='lat' dir='ltr'><strong>nardi</strong></span> <span class='ocrx_word' id='word_1_162' title='bbox 652 2159 698 2219; x_wconf 86' lang='lat' dir='ltr'><strong>rel</strong></span> <span class='ocrx_word' id='word_1_163' title='bbox 712 2159 774 2220; x_wconf 86' lang='lat' dir='ltr'><strong>folii</strong></span> <span class='ocrx_word' id='word_1_164' title='bbox 789 2160 867 2239; x_wconf 90' lang='lat' dir='ltr'><strong>quod</strong></span> <span class='ocrx_word' id='word_1_165' title='bbox 883 2162 954 2220; x_wconf 89' lang='lat' dir='ltr'><strong>setis</strong></span> <span class='ocrx_word' id='word_1_166' title='bbox 970 2159 1118 2220; x_wconf 89' lang='lat' dir='ltr'><strong>videbitur</strong></span> 
     </span>
     <span class='ocr_line' id='line_1_23' title="bbox 63 2248 1116 2327; baseline -0.001 -17"><span class='ocrx_word' id='word_1_167' title='bbox 63 2269 90 2310; x_wconf 83' lang='lat' dir='ltr'><strong>so</strong></span> <span class='ocrx_word' id='word_1_168' title='bbox 104 2249 141 2310; x_wconf 90' lang='lat' dir='ltr'><strong>ad</strong></span> <span class='ocrx_word' id='word_1_169' title='bbox 164 2249 286 2310; x_wconf 90' lang='lat' dir='ltr'><strong>odorem</strong></span> <span class='ocrx_word' id='word_1_170' title='bbox 311 2250 491 2310; x_wconf 85' lang='lat' dir='ltr'><strong>laciendum:</strong></span> <span class='ocrx_word' id='word_1_171' title='bbox 515 2249 572 2309; x_wconf 92' lang='lat' dir='ltr'><strong>boc</strong></span> <span class='ocrx_word' id='word_1_172' title='bbox 590 2248 710 2310; x_wconf 86' lang='lat' dir='ltr'><strong>Octavia</strong></span> <span class='ocrx_word' id='word_1_173' title='bbox 729 2250 856 2327; x_wconf 79' lang='lat' dir='ltr'><strong>Augusti</strong></span> <span class='ocrx_word' id='word_1_174' title='bbox 877 2268 963 2310; x_wconf 91' lang='lat' dir='ltr'><strong>soror</strong></span> <span class='ocrx_word' id='word_1_175' title='bbox 986 2267 1038 2310; x_wconf 94' lang='lat' dir='ltr'><strong>use</strong></span> <span class='ocrx_word' id='word_1_176' title='bbox 1063 2260 1116 2310; x_wconf 87' lang='lat' dir='ltr'><strong>est.</strong></span> 
     </span>
     <span class='ocr_line' id='line_1_24' title="bbox 102 2337 1151 2418; baseline 0.001 -20"><span class='ocrx_word' id='word_1_177' title='bbox 102 2337 249 2399; x_wconf 86' lang='lat' dir='ltr'><strong>Dentibus</strong></span> <span class='ocrx_word' id='word_1_178' title='bbox 264 2339 403 2399; x_wconf 91' lang='lat' dir='ltr'><strong>curandis</strong></span> <span class='ocrx_word' id='word_1_179' title='bbox 418 2338 493 2398; x_wconf 92' lang='lat' dir='ltr'><strong>bene</strong></span> <span class='ocrx_word' id='word_1_180' title='bbox 507 2339 577 2398; x_wconf 86' lang='lat' dir='ltr'><strong>lecit</strong></span> <span class='ocrx_word' id='word_1_181' title='bbox 590 2337 698 2398; x_wconf 92' lang='lat' dir='ltr'><strong>radicis</strong></span> <span class='ocrx_word' id='word_1_182' title='bbox 714 2337 817 2418; x_wconf 91' lang='lat' dir='ltr'><strong>edulis,</strong></span> <span class='ocrx_word' id='word_1_183' title='bbox 836 2337 865 2399; x_wconf 94' lang='lat' dir='ltr'><strong>id</strong></span> <span class='ocrx_word' id='word_1_184' title='bbox 886 2346 932 2398; x_wconf 90' lang='lat' dir='ltr'><strong>est</strong></span> <span class='ocrx_word' id='word_1_185' title='bbox 946 2357 1021 2417; x_wconf 90' lang='lat' dir='ltr'><strong>quae</strong></span> <span class='ocrx_word' id='word_1_186' title='bbox 1036 2357 1116 2399; x_wconf 91' lang='lat' dir='ltr'><strong>men·</strong></span> <span class='ocrx_word' id='word_1_187' title='bbox 1136 2352 1151 2400; x_wconf 87' lang='grc'><strong>2</strong></span> 
     </span>
     <span class='ocr_line' id='line_1_25' title="bbox 102 2426 1116 2507; baseline 0.001 -20"><span class='ocrx_word' id='word_1_188' title='bbox 102 2427 239 2507; x_wconf 89' lang='lat' dir='ltr'><strong>ducetur,</strong></span> <span class='ocrx_word' id='word_1_189' title='bbox 258 2436 360 2488; x_wconf 86' lang='lat' dir='ltr'><strong>cortex</strong></span> <span class='ocrx_word' id='word_1_190' title='bbox 379 2428 506 2487; x_wconf 88' lang='lat' dir='ltr'><strong>arelecta</strong></span> <span class='ocrx_word' id='word_1_191' title='bbox 526 2436 555 2487; x_wconf 91' lang='lat' dir='ltr'><strong>et</strong></span> <span class='ocrx_word' id='word_1_192' title='bbox 574 2435 698 2488; x_wconf 87' lang='lat' dir='ltr'><strong>contuse</strong></span> <span class='ocrx_word' id='word_1_193' title='bbox 712 2426 900 2507; x_wconf 88' lang='lat' dir='ltr'><strong>cribrataque</strong></span> <span class='ocrx_word' id='word_1_194' title='bbox 914 2447 968 2507; x_wconf 94' lang='lat' dir='ltr'><strong>pro</strong></span> <span class='ocrx_word' id='word_1_195' title='bbox 983 2427 1116 2489; x_wconf 84' lang='lat' dir='ltr'><strong>dentifri-</strong></span> 
     </span>
     <span class='ocr_line' id='line_1_26' title="bbox 102 2515 1151 2597; baseline 0.002 -21"><span class='ocrx_word' id='word_1_196' title='bbox 102 2517 150 2576; x_wconf 92' lang='lat' dir='ltr'><strong>cio</strong></span> <span class='ocrx_word' id='word_1_197' title='bbox 165 2516 304 2576; x_wconf 89' lang='lat' dir='ltr'><strong>adhibita.</strong></span> <span class='ocrx_word' id='word_1_198' title='bbox 323 2515 438 2576; x_wconf 89' lang='lat' dir='ltr'><strong>Vitrum</strong></span> <span class='ocrx_word' id='word_1_199' title='bbox 453 2516 620 2597; x_wconf 88' lang='lat' dir='ltr'><strong>candidum,</strong></span> <span class='ocrx_word' id='word_1_200' title='bbox 636 2515 713 2595; x_wconf 91' lang='lat' dir='ltr'><strong>quod</strong></span> <span class='ocrx_word' id='word_1_201' title='bbox 730 2516 825 2576; x_wconf 89' lang='lat' dir='ltr'><strong>simile</strong></span> <span class='ocrx_word' id='word_1_202' title='bbox 836 2516 1037 2597; x_wconf 86' lang='lat' dir='ltr'><strong>estcrystellc,</strong></span> <span class='ocrx_word' id='word_1_203' title='bbox 1053 2517 1116 2578; x_wconf 92' lang='lat' dir='ltr'><strong>dili·</strong></span> <span class='ocrx_word' id='word_1_204' title='bbox 1135 2532 1151 2580; x_wconf 87' lang='lat'><strong>3</strong></span> 
     </span>
     <span class='ocr_line' id='line_1_27' title="bbox 102 2604 1116 2683; baseline 0.002 -19"><span class='ocrx_word' id='word_1_205' title='bbox 102 2613 209 2682; x_wconf 83' lang='lat' dir='ltr'><strong>genter</strong></span> <span class='ocrx_word' id='word_1_206' title='bbox 224 2606 328 2665; x_wconf 91' lang='lat' dir='ltr'><strong>tritum</strong></span> <span class='ocrx_word' id='word_1_207' title='bbox 347 2604 474 2665; x_wconf 71' lang='lat' dir='ltr'><strong>admista</strong></span> <span class='ocrx_word' id='word_1_208' title='bbox 494 2607 574 2683; x_wconf 92' lang='lat' dir='ltr'><strong>spice</strong></span> <span class='ocrx_word' id='word_1_209' title='bbox 594 2605 679 2665; x_wconf 89' lang='lat' dir='ltr'><strong>nardi</strong></span> <span class='ocrx_word' id='word_1_210' title='bbox 697 2623 752 2683; x_wconf 92' lang='lat' dir='ltr'><strong>pro</strong></span> <span class='ocrx_word' id='word_1_211' title='bbox 767 2605 936 2666; x_wconf 80' lang='lat' dir='ltr'><strong>dentifricio</strong></span> <span class='ocrx_word' id='word_1_212' title='bbox 951 2606 1116 2668; x_wconf 91' lang='lat' dir='ltr'><strong>adhibitum</strong></span> 
     </span>
     <span class='ocr_line' id='line_1_28' title="bbox 61 2691 1117 2772; baseline 0.003 -19"><span class='ocrx_word' id='word_1_213' title='bbox 61 2712 87 2753; x_wconf 79' lang='lat' dir='ltr'><strong>ss</strong></span> <span class='ocrx_word' id='word_1_214' title='bbox 101 2691 266 2771; x_wconf 88' lang='lat' dir='ltr'><strong>plurimum</strong></span> <span class='ocrx_word' id='word_1_215' title='bbox 279 2693 410 2771; x_wconf 89' lang='lat' dir='ltr'><strong>prodest.</strong></span> <span class='ocrx_word' id='word_1_216' title='bbox 438 2693 569 2754; x_wconf 89' lang='lat' dir='ltr'><strong>Utuntur</strong></span> <span class='ocrx_word' id='word_1_217' title='bbox 586 2694 721 2772; x_wconf 89' lang='lat' dir='ltr'><strong>plerique</strong></span> <span class='ocrx_word' id='word_1_218' title='bbox 737 2696 824 2754; x_wconf 89' lang='lat' dir='ltr'><strong>etiem</strong></span> <span class='ocrx_word' id='word_1_219' title='bbox 839 2693 1010 2754; x_wconf 90' lang='lat' dir='ltr'><strong>huiusmodi</strong></span> <span class='ocrx_word' id='word_1_220' title='bbox 1023 2695 1117 2756; x_wconf 91' lang='lat' dir='ltr'><strong>denti·</strong></span> 
     </span>
     <span class='ocr_line' id='line_1_29' title="bbox 102 2781 1152 2858; baseline 0.003 -18"><span class='ocrx_word' id='word_1_221' title='bbox 102 2781 203 2842; x_wconf 86' lang='lat' dir='ltr'><strong>iricio:</strong></span> <span class='ocrx_word' id='word_1_222' title='bbox 222 2781 351 2842; x_wconf 90' lang='lat' dir='ltr'><strong>llerbam</strong></span> <span class='ocrx_word' id='word_1_223' title='bbox 366 2782 550 2844; x_wconf 89' lang='lat' dir='ltr'><strong>urceolerem</strong></span> <span class='ocrx_word' id='word_1_224' title='bbox 566 2781 824 2858; x_wconf 90' lang='lat' dir='ltr'><strong>quamplurimam</strong></span> <span class='ocrx_word' id='word_1_225' title='bbox 840 2801 908 2842; x_wconf 89' lang='lat' dir='ltr'><strong>cum</strong></span> <span class='ocrx_word' id='word_1_226' title='bbox 923 2781 1022 2842; x_wconf 91' lang='lat' dir='ltr'><strong>radice</strong></span> <span class='ocrx_word' id='word_1_227' title='bbox 1037 2784 1116 2843; x_wconf 89' lang='lat' dir='ltr'><strong>colli·</strong></span> <span class='ocrx_word' id='word_1_228' title='bbox 1135 2797 1152 2844; x_wconf 83' lang='grc'>4</span> 
     </span>
     <span class='ocr_line' id='line_1_30' title="bbox 101 2863 1116 2949; baseline 0 -20"><span class='ocrx_word' id='word_1_229' title='bbox 101 2878 186 2949; x_wconf 82' lang='lat' dir='ltr'><strong>gunt,</strong></span> <span class='ocrx_word' id='word_1_230' title='bbox 206 2870 312 2932; x_wconf 90' lang='lat' dir='ltr'><strong>deiude</strong></span> <span class='ocrx_word' id='word_1_231' title='bbox 331 2863 427 2932; x_wconf 32' lang='lat' dir='ltr'><strong>lotam*</strong></span> <span class='ocrx_word' id='word_1_232' title='bbox 441 2888 500 2930; x_wconf 90' lang='lat' dir='ltr'><strong>uuo</strong></span> <span class='ocrx_word' id='word_1_233' title='bbox 516 2869 563 2928; x_wconf 92' lang='lat' dir='ltr'><strong>die</strong></span> <span class='ocrx_word' id='word_1_234' title='bbox 579 2870 699 2946; x_wconf 89' lang='lat' dir='ltr'><strong>siccent,</strong></span> <span class='ocrx_word' id='word_1_235' title='bbox 713 2875 781 2944; x_wconf 92' lang='lat' dir='ltr'><strong>post</strong></span> <span class='ocrx_word' id='word_1_236' title='bbox 795 2869 873 2928; x_wconf 91' lang='lat' dir='ltr'><strong>diem</strong></span> <span class='ocrx_word' id='word_1_237' title='bbox 888 2870 1001 2929; x_wconf 90' lang='lat' dir='ltr'><strong>recenti</strong></span> <span class='ocrx_word' id='word_1_238' title='bbox 1021 2873 1116 2929; x_wconf 91' lang='lat' dir='ltr'><strong>murie</strong></span> 
     </span>
     <span class='ocr_line' id='line_1_31' title="bbox 100 2954 1115 3039; baseline -0.003 -20"><span class='ocrx_word' id='word_1_239' title='bbox 100 2968 262 3039; x_wconf 89' lang='lat' dir='ltr'><strong>macerent,</strong></span> <span class='ocrx_word' id='word_1_240' title='bbox 281 2963 370 3020; x_wconf 91' lang='lat' dir='ltr'><strong>tertio</strong></span> <span class='ocrx_word' id='word_1_241' title='bbox 389 2959 437 3018; x_wconf 93' lang='lat' dir='ltr'><strong>die</strong></span> <span class='ocrx_word' id='word_1_242' title='bbox 456 2974 627 3035; x_wconf 81' lang='lat' dir='ltr'><strong>expressam</strong></span> <span class='ocrx_word' id='word_1_243' title='bbox 645 2958 676 3015; x_wconf 92' lang='lat' dir='ltr'><strong>in</strong></span> <span class='ocrx_word' id='word_1_244' title='bbox 691 2954 747 3014; x_wconf 94' lang='lat' dir='ltr'><strong>olle</strong></span> <span class='ocrx_word' id='word_1_245' title='bbox 761 2973 835 3015; x_wconf 90' lang='lat' dir='ltr'><strong>nove</strong></span> <span class='ocrx_word' id='word_1_246' title='bbox 851 2966 1033 3033; x_wconf 89' lang='lat' dir='ltr'><strong>componunt</strong></span> <span class='ocrx_word' id='word_1_247' title='bbox 1048 2957 1115 3017; x_wconf 89' lang='lat' dir='ltr'><strong>sub-</strong></span> 
     </span>
     <span class='ocr_line' id='line_1_32' title="bbox 101 3043 1116 3126; baseline -0.005 -17"><span class='ocrx_word' id='word_1_248' title='bbox 101 3047 173 3108; x_wconf 90' lang='lat' dir='ltr'><strong>inde</strong></span> <span class='ocrx_word' id='word_1_249' title='bbox 192 3049 262 3108; x_wconf 91' lang='lat' dir='ltr'><strong>selis</strong></span> <span class='ocrx_word' id='word_1_250' title='bbox 281 3049 393 3108; x_wconf 82' lang='lat' dir='ltr'><strong>tossicii</strong></span> <span class='ocrx_word' id='word_1_251' title='bbox 407 3047 493 3126; x_wconf 90' lang='lat' dir='ltr'><strong>quasi</strong></span> <span class='ocrx_word' id='word_1_252' title='bbox 506 3043 637 3105; x_wconf 90' lang='lat' dir='ltr'><strong>tabulata</strong></span> <span class='ocrx_word' id='word_1_253' title='bbox 650 3046 874 3122; x_wconf 89' lang='lat' dir='ltr'><strong>interponentes</strong></span> <span class='ocrx_word' id='word_1_254' title='bbox 889 3052 977 3122; x_wconf 93' lang='lat' dir='ltr'><strong>atque</strong></span> <span class='ocrx_word' id='word_1_255' title='bbox 994 3045 1035 3104; x_wconf 91' lang='lat' dir='ltr'><strong>ite</strong></span> <span class='ocrx_word' id='word_1_256' title='bbox 1049 3063 1116 3123; x_wconf 91' lang='lat' dir='ltr'><strong>per·</strong></span> 
     </span>
    </p>
   </div>
   <div class='ocr_carea' id='block_1_5' title="bbox 62 3131 1116 3303">
    <p class='ocr_par' dir='ltr' id='par_1_7' title="bbox 62 3131 1116 3303">
     <span class='ocr_line' id='line_1_33' title="bbox 62 3131 1115 3216; baseline -0.001 -23"><span class='ocrx_word' id='word_1_257' title='bbox 62 3153 89 3195; x_wconf 88' lang='lat' dir='ltr'><strong>ao</strong></span> <span class='ocrx_word' id='word_1_258' title='bbox 102 3145 237 3216; x_wconf 89' lang='lat' dir='ltr'><strong>coquunt</strong></span> <span class='ocrx_word' id='word_1_259' title='bbox 247 3137 366 3197; x_wconf 88' lang='lat' dir='ltr'><strong>fornace</strong></span> <span class='ocrx_word' id='word_1_260' title='bbox 376 3135 517 3216; x_wconf 90' lang='lat' dir='ltr'><strong>balneari,</strong></span> <span class='ocrx_word' id='word_1_261' title='bbox 527 3134 620 3195; x_wconf 90' lang='lat' dir='ltr'><strong>donec</strong></span> <span class='ocrx_word' id='word_1_262' title='bbox 632 3135 663 3194; x_wconf 89' lang='lat' dir='ltr'><strong>in</strong></span> <span class='ocrx_word' id='word_1_263' title='bbox 674 3131 833 3193; x_wconf 90' lang='lat' dir='ltr'><strong>carbonem</strong></span> <span class='ocrx_word' id='word_1_264' title='bbox 843 3131 1004 3211; x_wconf 85' lang='lat' dir='ltr'><strong>redigatur,</strong></span> <span class='ocrx_word' id='word_1_265' title='bbox 1014 3142 1115 3212; x_wconf 88' lang='lat' dir='ltr'><strong>postea</strong></span> 
     </span>
     <span class='ocr_line' id='line_1_34' title="bbox 102 3221 1116 3303; baseline -0.006 -16"><span class='ocrx_word' id='word_1_266' title='bbox 102 3227 190 3287; x_wconf 91' lang='lat' dir='ltr'><strong>tritae</strong></span> <span class='ocrx_word' id='word_1_267' title='bbox 210 3226 373 3286; x_wconf 91' lang='lat' dir='ltr'><strong>admiscent</strong></span> <span class='ocrx_word' id='word_1_268' title='bbox 392 3226 490 3303; x_wconf 89' lang='lat' dir='ltr'><strong>spicae</strong></span> <span class='ocrx_word' id='word_1_269' title='bbox 505 3223 591 3284; x_wconf 93' lang='lat' dir='ltr'><strong>nardi</strong></span> <span class='ocrx_word' id='word_1_270' title='bbox 605 3222 682 3302; x_wconf 91' lang='lat' dir='ltr'><strong>quod</strong></span> <span class='ocrx_word' id='word_1_271' title='bbox 699 3223 770 3282; x_wconf 90' lang='lat' dir='ltr'><strong>setis</strong></span> <span class='ocrx_word' id='word_1_272' title='bbox 786 3223 832 3302; x_wconf 92' lang='lat' dir='ltr'><strong>sit,</strong></span> <span class='ocrx_word' id='word_1_273' title='bbox 848 3223 916 3301; x_wconf 93' lang='lat' dir='ltr'><strong>quie</strong></span> <span class='ocrx_word' id='word_1_274' title='bbox 931 3231 961 3281; x_wconf 85' lang='lat' dir='ltr'><strong>et</strong></span> <span class='ocrx_word' id='word_1_275' title='bbox 975 3221 1116 3282; x_wconf 90' lang='lat' dir='ltr'><strong>candidos</strong></span> 
     </span>
    </p>
   </div>
   <div class='ocr_carea' id='block_1_6' title="bbox 102 3357 1130 3572">
    <p class='ocr_par' dir='ltr' id='par_1_8' title="bbox 102 3357 1130 3572">
     <span class='ocr_line' id='line_1_35' title="bbox 175 3357 1115 3430; baseline -0.005 -16"><span class='ocrx_word' id='word_1_276' title='bbox 175 3366 190 3414; x_wconf 98' lang='grc'><strong>2</strong></span> <span class='ocrx_word' id='word_1_277' title='bbox 212 3361 351 3415; x_wconf 80' lang='lat' dir='ltr'><strong>veretrum</strong></span> <span class='ocrx_word' id='word_1_278' title='bbox 367 3361 481 3430; x_wconf 76' lang='lat' dir='ltr'><strong>scripsi:</strong></span> <span class='ocrx_word' id='word_1_279' title='bbox 494 3361 644 3414; x_wconf 86' lang='lat' dir='ltr'><strong>veretrum.</strong></span> <span class='ocrx_word' id='word_1_280' title='bbox 690 3357 852 3412; x_wconf 79' lang='lat' dir='ltr'><strong>broborum</strong></span> <span class='ocrx_word' id='word_1_281' title='bbox 868 3357 957 3413; x_wconf 73' lang='lat' dir='ltr'><strong>Petu:</strong></span> <span class='ocrx_word' id='word_1_282' title='bbox 971 3357 1115 3411; x_wconf 81' lang='lat' dir='ltr'><strong>ramicum.</strong></span> 
     </span>
     <span class='ocr_line' id='line_1_36' title="bbox 102 3427 1115 3489; baseline 0 -5"><span class='ocrx_word' id='word_1_283' title='bbox 102 3431 275 3487; x_wconf 73' lang='lat' dir='ltr'><strong>illabentes.</strong></span> <span class='ocrx_word' id='word_1_284' title='bbox 332 3436 364 3485; x_wconf 93' lang='grc'><strong>10</strong></span> <span class='ocrx_word' id='word_1_285' title='bbox 382 3431 441 3487; x_wconf 88' lang='lat' dir='ltr'><strong>flos.</strong></span> <span class='ocrx_word' id='word_1_286' title='bbox 498 3437 530 3489; x_wconf 78' lang='lat'><strong>15</strong></span> <span class='ocrx_word' id='word_1_287' title='bbox 546 3429 693 3486; x_wconf 83' lang='lat' dir='ltr'><strong>ordiaciae.</strong></span> <span class='ocrx_word' id='word_1_288' title='bbox 740 3434 775 3483; x_wconf 80' lang='lat'><strong>20</strong></span> <span class='ocrx_word' id='word_1_289' title='bbox 790 3427 922 3484; x_wconf 84' lang='lat' dir='ltr'><strong>Octoriie.</strong></span> <span class='ocrx_word' id='word_1_290' title='bbox 968 3435 1001 3483; x_wconf 90' lang='grc'><strong>22</strong></span> <span class='ocrx_word' id='word_1_291' title='bbox 1016 3430 1115 3484; x_wconf 83' lang='lat' dir='ltr'><strong>coriix.</strong></span> 
     </span>
     <span class='ocr_line' id='line_1_37' title="bbox 103 3499 1130 3572; baseline -0.005 -16"><span class='ocrx_word' id='word_1_292' title='bbox 103 3507 137 3556; x_wconf 86' lang='grc'><strong>23</strong></span> <span class='ocrx_word' id='word_1_293' title='bbox 158 3501 311 3557; x_wconf 83' lang='lat' dir='ltr'><strong>canditum.</strong></span> <span class='ocrx_word' id='word_1_294' title='bbox 365 3508 399 3558; x_wconf 87' lang='grc'><strong>26</strong></span> <span class='ocrx_word' id='word_1_295' title='bbox 419 3501 558 3572; x_wconf 79' lang='lat' dir='ltr'><strong>colligunt</strong></span> <span class='ocrx_word' id='word_1_296' title='bbox 575 3518 625 3556; x_wconf 88' lang='lat' dir='ltr'><strong>om.</strong></span> <span class='ocrx_word' id='word_1_297' title='bbox 680 3506 714 3556; x_wconf 72' lang='lat'><strong>27</strong></span> <span class='ocrx_word' id='word_1_298' title='bbox 733 3499 849 3557; x_wconf 81' lang='lat' dir='ltr'><strong>mutrle.</strong></span> <span class='ocrx_word' id='word_1_299' title='bbox 901 3507 940 3557; x_wconf 73' lang='lat' dir='ltr'><strong>‘et</strong></span> <span class='ocrx_word' id='word_1_300' title='bbox 952 3500 1130 3557; x_wconf 61' lang='lat' dir='ltr'><strong>obmiscent..</strong></span> 
     </span>
    </p>
   </div>
   <div class='ocr_carea' id='block_1_7' title="bbox 0 0 1224 3802">
    <p class='ocr_par' dir='ltr' id='par_1_9' title="bbox 0 0 1224 3802">
     <span class='ocr_line' id='line_1_38' title="bbox 0 0 1224 3802; baseline 0 2"><span class='ocrx_word' id='word_1_301' title='bbox 0 0 1224 3802; x_wconf 95' lang='lat' dir='ltr'><strong> </strong></span> 
     </span>
    </p>
   </div>
  </div>
 </body>
</html>
