2438 3802
493 150 737 214 -279-

104 335 142 378 ex
164 314 266 394 litore,
289 318 427 394 capreae,
449 311 594 392 palumbi,
618 320 732 395 anates,
755 313 876 392 meruli,
899 315 995 396 turdi,
1019 333 1121 397 grues,

104 403 198 483 mulli,
221 402 376 482 lolligines,
400 400 501 482 polypi
524 403 622 462 assati.

194 491 379 553 Torminosis
408 498 478 551 sunt
501 498 584 551 extra
608 499 708 551 cutem
731 490 899 570 inponenda
922 491 1008 552 haec:
1041 491 1121 553 Lana
1140 503 1175 554 29

105 582 208 644 sucida
232 599 268 641 ex
290 586 375 641 aceto
397 578 445 639 vel
467 597 589 640 rosaceo
607 579 654 640 vel
671 579 780 641 malino
799 579 864 639 oleo
883 579 1022 660 admixto,
1044 582 1117 641 item

76 671 256 751 aplantago,
283 671 397 748 apium,
424 667 612 749 milelolinm,
639 668 779 749 intibnm,
807 668 979 750 lentiscnm;
1007 687 1062 748 per
1085 687 1118 730 se

104 762 176 821 trita
202 759 276 819 haec
304 757 351 817 vel
378 756 507 818 admixto
535 759 603 816 vino
631 764 765 837 austero,
794 774 852 835 qno
876 759 969 835 magis
993 757 1121 818 adstrin-

105 857 185 929 gant,
208 847 407 927 adponuntur,
430 852 534 924 postea
553 853 688 906 cerotum
707 863 743 905 ex
762 844 827 905 oleo
846 848 976 925 myrtino
995 846 1041 906 rel
1059 865 1119 906 ma·

105 936 179 1017 lino,
202 936 232 996 id
256 943 302 996 est
324 933 452 994 habente
476 934 620 994 corticem
642 933 713 994 mali
734 933 853 1016 Punici,
877 935 1045 1017 adponitur,
1069 936 1119 995 cui

105 1033 136 1086 et
158 1024 233 1103 galla
257 1023 377 1103 Syriaca
400 1030 430 1083 et
453 1024 551 1083 acacia
574 1023 784 1084 admiscentur.

64 1130 91 1170 ao
194 1110 385 1173 Torminibus
394 1112 500 1189 primis
511 1110 697 1190 temporibus
706 1111 945 1189 constringendis
956 1113 1021 1171 suci
1031 1110 1120 1171 utiles
1139 1125 1175 1176 30

105 1210 188 1284 sunt,
211 1210 246 1263 ut
268 1199 460 1281 plantaginis,
487 1202 617 1279 acaciae,
640 1199 710 1260 mali
733 1201 848 1278 granati
871 1200 1005 1279 corticis,
1028 1199 1120 1278 hypo-

105 1291 236 1371 cistidos,
259 1288 401 1370 milelolii,
424 1287 531 1369 intubi,
554 1287 685 1369 lentisci,
709 1287 778 1349 rubi
800 1306 855 1367 per
878 1306 910 1348 se
934 1295 1050 1348 tantum
1074 1287 1121 1348 vel

106 1397 174 1441 cum
200 1381 269 1439 vino
298 1396 335 1438 ex
364 1379 439 1456 piris
468 1376 597 1457 Syriacis
624 1377 702 1437 facto
731 1378 828 1458 mixti3
862 1375 993 1439 medium
1021 1383 1120 1436 autem

104 1486 228 1530 cursum
250 1465 430 1528 habentibus
449 1467 631 1546 torminosis,
655 1465 734 1544 quod
753 1473 873 1544 tempus
891 1464 997 1526 Graeci
1015 1483 1120 1525 acmen

65 1572 90 1614 rs
104 1564 219 1637 vocant,
242 1555 393 1634 oportebit
411 1554 569 1616 infundere
588 1572 643 1634 per
661 1554 819 1634 clysterem
839 1572 937 1615 rosam
956 1553 1002 1613 vel
1020 1552 1120 1614 oleum

104 1654 252 1724 myrteum
272 1663 340 1705 cum
359 1661 495 1724 cerussa,
519 1642 643 1704 cedente
661 1661 752 1722 porro
771 1645 885 1720 impetu
903 1641 1056 1703 molestiae
1072 1641 1120 1702 vel

105 1733 302 1814 difficultatis,
330 1732 410 1812 quod
439 1739 556 1813 tempus
585 1731 692 1792 Graeci
718 1749 877 1810 paracmen
904 1740 1023 1812 vocant,
1049 1749 1119 1792 con-

105 1823 188 1882 venit
210 1819 363 1903 lenticula,
386 1823 502 1900 ptisana
525 1839 593 1882 cum
617 1820 703 1900 adipe
726 1837 858 1898 capruno
882 1827 979 1902 cocta3
1008 1821 1119 1880 invete-

106 1912 179 1970 ratis
202 1928 272 1970 vero
295 1909 474 1971 torminibus
497 1916 637 1990 prosunt,
661 1927 736 1988 qnae
760 1908 965 1969 vehementius
990 1910 1120 1988 spissant

65 2015 93 2055 ro
107 2005 138 2058 et
161 2017 177 2058 a
199 2005 307 2077 putore
330 2007 419 2078 atque
443 1998 656 2060 abalienatione
680 1999 815 2078 corporis
833 1997 993 2078 vindicant,
1018 2005 1053 2058 ut
1076 2016 1119 2072 ea,

106 2105 181 2166 quae
211 2106 247 2148 ex
274 2087 367 2167 calce,
395 2087 498 2148 charta
522 2096 588 2148 usta
613 2095 644 2148 et
666 2088 884 2166 auripigmento
908 2094 1119 2165 conponuntur

105 2185 136 2238 et
158 2184 283 2256 possunt
306 2175 463 2237 inhaerere
486 2178 620 2257 purgatis
643 2175 808 2256 ulceribus,
832 2193 891 2254 quo
915 2181 1049 2254 tempore
1072 2193 1119 2235 re·

105 2266 163 2327 diri
186 2272 304 2346 oportet
326 2265 363 2326 ad
386 2267 487 2345 priora
511 2267 609 2326 omnia
632 2265 746 2326 edenda
769 2271 978 2344 praeterquam
1002 2263 1038 2324 ad
1057 2263 1119 2324 len·

104 2363 164 2417 tem
188 2363 219 2416 et
241 2357 402 2435 ptisanam,
430 2354 545 2416 ducunt
567 2355 648 2414 enim
671 2355 854 2433 cicatricem,
882 2352 935 2413 sed
958 2353 1119 2430 praecipue

64 2457 90 2499 aa
105 2462 226 2505 cerussa
254 2444 383 2504 admixto
411 2445 491 2525 vino;
519 2442 678 2523 emplastra
701 2461 784 2523 vero,
812 2459 888 2520 quae
912 2447 996 2502 extra
1020 2449 1120 2502 cutem

104 2535 275 2594 cicatricem
299 2532 422 2614 ducunt,
445 2532 541 2594 solnta
564 2531 601 2592 ad
624 2535 724 2610 ignem
747 2549 816 2592 cum
837 2529 902 2591 oleo
921 2531 1051 2610 myrtino
1070 2529 1120 2590 ad·

104 2621 241 2702 ponenda
264 2629 344 2682 sunt

194 2708 397 2788 Dysintericos
420 2716 537 2770 recreat
559 2708 660 2787 pulmo
683 2708 819 2789 pecudis,
842 2707 873 2767 id
897 2715 942 2767 est
968 2709 1042 2787 ovis,
1068 2706 1118 2767 de·
1137 2719 1172 2768 31

105 2804 222 2876 coctus,
250 2815 319 2857 cum
346 2796 400 2857 lini
427 2798 553 2876 semine,
583 2797 625 2857 ita
652 2804 686 2858 ut
714 2805 744 2858 et
772 2815 841 2858 caro
867 2795 1064 2856 manducetur
1088 2803 1118 2856 et

63 2897 92 2939 oo
106 2903 182 2964 aqua
204 2883 254 2945 illa
276 2890 406 2963 potetur.

195 2973 376 3034 Trocbiscus
403 2971 614 3050 Asclepiadeos
640 2975 915 3052 praestantissimus
942 2973 979 3034 ad
1007 2975 1119 3034 ventris
1138 2985 1172 3034 32

106 3062 220 3123 tluxnm
239 3071 269 3123 et
286 3061 489 3143 dysinteriam,
507 3079 597 3141 mam
614 3061 715 3124 nullus
733 3062 809 3124 alius
826 3070 886 3122 tam
901 3061 986 3124 facile
1001 3064 1121 3142 stringit

106 3169 195 3230 quam
213 3150 271 3234 hic,
291 3151 448 3212 conficitur
466 3151 524 3212 sic:
546 3151 613 3230 Apii
629 3152 751 3212 seminis
771 3153 931 3231 semuncia,
950 3151 1120 3232 hyoscyami

106 3243 271 3322 semuncia,
299 3241 382 3300 anesi
406 3231 446 3325 2·
469 3238 520 3322 Vl,
547 3241 608 3319 opii
637 3232 754 3327 2111,
781 3239 983 3320 hypocistidos
1007 3232 1047 3326 2·
1071 3239 1120 3320 lll,

195 3381 211 3429 2
231 3373 349 3445 poplipi
429 3380 463 3430 1o
480 3374 648 3430 torminibus
666 3374 779 3445 scripsi:
797 3371 934 3430 torminis.
1008 3378 1041 3427 1³
1056 3380 1121 3441 poet

105 3445 187 3502 mixti
206 3447 286 3503 add:
304 3445 334 3501 eh
347 3460 421 3514 equa
435 3446 547 3502 incocta
560 3447 645 3503 misto
659 3445 730 3501 rubo
744 3444 902 3500 lentiscum.
941 3447 974 3498 1⁶
991 3440 1119 3512 clystere.

105 3517 176 3574 oleo.
255 3523 288 3572 31
308 3516 499 3588 esclepiarius.
572 3523 606 3574 82
625 3514 816 3573 disiciatlom.
885 3520 928 3570 bl.
938 3511 1137 3583 ypodxsbhsx.
