<?xml version="1.0" encoding="UTF-8"?>
<!DOCTYPE html PUBLIC "-//W3C//DTD XHTML 1.0 Transitional//EN"
    "http://www.w3.org/TR/xhtml1/DTD/xhtml1-transitional.dtd">
<html xmlns="http://www.w3.org/1999/xhtml" xml:lang="en" lang="en">
 <head>
  <title>
</title>
<meta http-equiv="Content-Type" content="text/html;charset=utf-8" />
  <meta name='ocr-system' content='tesseract 3.04.00' />
  <meta name='ocr-capabilities' content='ocr_page ocr_carea ocr_par ocr_line ocrx_word'/>
</head>
<body>
  <div class='ocr_page' id='page_1' title='image "./marcellidemedic01helmgoog_0314.png"; bbox 0 0 2438 3802; ppageno 0'>
   <div class='ocr_carea' id='block_1_1' title="bbox 480 145 720 210">
    <p class='ocr_par' dir='ltr' id='par_1_1' title="bbox 480 145 720 210">
     <span class='ocr_line' id='line_1_1' title="bbox 480 145 720 210; baseline -0.004 0"><span class='ocrx_word' id='word_1_1' title='bbox 480 145 720 210; x_wconf 77' lang='lat'>-303-</span> 
     </span>
    </p>
   </div>
   <div class='ocr_carea' id='block_1_2' title="bbox 50 306 1140 2863">
    <p class='ocr_par' dir='ltr' id='par_1_2' title="bbox 50 306 1140 2863">
     <span class='ocr_line' id='line_1_2' title="bbox 89 306 1105 392; baseline 0.002 -21"><span class='ocrx_word' id='word_1_2' title='bbox 89 319 160 392; x_wconf 91' lang='lat' dir='ltr'><strong>tem,</strong></span> <span class='ocrx_word' id='word_1_3' title='bbox 177 326 295 389; x_wconf 89' lang='lat' dir='ltr'><strong>myrrae</strong></span> <span class='ocrx_word' id='word_1_4' title='bbox 319 308 424 367; x_wconf 89' lang='lat' dir='ltr'><strong>unciae</strong></span> <span class='ocrx_word' id='word_1_5' title='bbox 448 306 656 387; x_wconf 84' lang='lat' dir='ltr'>quadrantem,</span> <span class='ocrx_word' id='word_1_6' title='bbox 680 309 779 387; x_wconf 82' lang='lat' dir='ltr'><strong>spicae</strong></span> <span class='ocrx_word' id='word_1_7' title='bbox 803 309 888 370; x_wconf 91' lang='lat' dir='ltr'><strong>nardi</strong></span> <span class='ocrx_word' id='word_1_8' title='bbox 910 309 1028 371; x_wconf 81' lang='lat' dir='ltr'>Indicae</span> <span class='ocrx_word' id='word_1_9' title='bbox 1051 330 1105 373; x_wconf 91' lang='lat' dir='ltr'><strong>un-</strong></span> 
     </span>
     <span class='ocr_line' id='line_1_3' title="bbox 88 395 1105 482; baseline -0.001 -20"><span class='ocrx_word' id='word_1_10' title='bbox 88 401 152 462; x_wconf 89' lang='lat' dir='ltr'><strong>ciae</strong></span> <span class='ocrx_word' id='word_1_11' title='bbox 172 404 347 476; x_wconf 82' lang='lat' dir='ltr'><strong>sextantem,</strong></span> <span class='ocrx_word' id='word_1_12' title='bbox 373 397 434 474; x_wconf 93' lang='lat' dir='ltr'><strong>opii</strong></span> <span class='ocrx_word' id='word_1_13' title='bbox 457 398 562 457; x_wconf 88' lang='lat' dir='ltr'><strong>unciae</strong></span> <span class='ocrx_word' id='word_1_14' title='bbox 586 395 790 474; x_wconf 84' lang='lat' dir='ltr'><strong>quadrantem,</strong></span> <span class='ocrx_word' id='word_1_15' title='bbox 814 400 895 458; x_wconf 89' lang='lat' dir='ltr'><strong>croci</strong></span> <span class='ocrx_word' id='word_1_16' title='bbox 914 402 1105 482; x_wconf 79' lang='lat' dir='ltr'><strong>semunciam,</strong></span> 
     </span>
     <span class='ocr_line' id='line_1_4' title="bbox 87 486 1105 568; baseline 0.001 -20"><span class='ocrx_word' id='word_1_17' title='bbox 87 489 200 568; x_wconf 85' lang='lat' dir='ltr'><strong>piperis</strong></span> <span class='ocrx_word' id='word_1_18' title='bbox 224 486 306 564; x_wconf 90' lang='lat' dir='ltr'><strong>longi</strong></span> <span class='ocrx_word' id='word_1_19' title='bbox 328 486 524 562; x_wconf 87' lang='lat' dir='ltr'><strong>semunciam,</strong></span> <span class='ocrx_word' id='word_1_20' title='bbox 548 486 660 564; x_wconf 85' lang='lat' dir='ltr'><strong>piperis</strong></span> <span class='ocrx_word' id='word_1_21' title='bbox 684 487 763 564; x_wconf 85' lang='lat' dir='ltr'><strong>nigri</strong></span> <span class='ocrx_word' id='word_1_22' title='bbox 786 489 981 567; x_wconf 87' lang='lat' dir='ltr'><strong>semunciam,</strong></span> <span class='ocrx_word' id='word_1_23' title='bbox 1003 496 1105 566; x_wconf 93' lang='lat' dir='ltr'><strong>petro-</strong></span> 
     </span>
     <span class='ocr_line' id='line_1_5' title="bbox 90 572 1105 655; baseline 0 -19"><span class='ocrx_word' id='word_1_24' title='bbox 90 576 170 637; x_wconf 92' lang='lat' dir='ltr'><strong>silini</strong></span> <span class='ocrx_word' id='word_1_25' title='bbox 196 607 234 618; x_wconf 97' lang='lat'>-</span> <span class='ocrx_word' id='word_1_26' title='bbox 255 574 277 655; x_wconf 89' lang='lat' dir='ltr'><strong>l,</strong></span> <span class='ocrx_word' id='word_1_27' title='bbox 301 573 424 634; x_wconf 87' lang='lat' dir='ltr'><strong>schoeni</strong></span> <span class='ocrx_word' id='word_1_28' title='bbox 446 605 491 614; x_wconf 97' lang='lat'><strong>—</strong></span> <span class='ocrx_word' id='word_1_29' title='bbox 509 573 529 632; x_wconf 93' lang='lat' dir='ltr'><strong>l.</strong></span> <span class='ocrx_word' id='word_1_30' title='bbox 568 572 647 633; x_wconf 89' lang='lat' dir='ltr'><strong>Haec</strong></span> <span class='ocrx_word' id='word_1_31' title='bbox 671 577 769 634; x_wconf 90' lang='lat' dir='ltr'><strong>omnia</strong></span> <span class='ocrx_word' id='word_1_32' title='bbox 788 582 912 636; x_wconf 86' lang='lat' dir='ltr'><strong>contusa</strong></span> <span class='ocrx_word' id='word_1_33' title='bbox 931 594 1000 636; x_wconf 89' lang='lat' dir='ltr'><strong>cum</strong></span> <span class='ocrx_word' id='word_1_34' title='bbox 1018 575 1105 636; x_wconf 90' lang='lat' dir='ltr'><strong>melle</strong></span> 
     </span>
     <span class='ocr_line' id='line_1_6' title="bbox 64 661 1105 743; baseline 0 -19"><span class='ocrx_word' id='word_1_35' title='bbox 64 664 214 724; x_wconf 85' lang='lat' dir='ltr'><strong>sdecocto</strong></span> <span class='ocrx_word' id='word_1_36' title='bbox 241 665 420 741; x_wconf 90' lang='lat' dir='ltr'><strong>miscentur,</strong></span> <span class='ocrx_word' id='word_1_37' title='bbox 449 661 537 721; x_wconf 88' lang='lat' dir='ltr'><strong>datur</strong></span> <span class='ocrx_word' id='word_1_38' title='bbox 566 680 603 721; x_wconf 83' lang='lat' dir='ltr'><strong>ex</strong></span> <span class='ocrx_word' id='word_1_39' title='bbox 629 662 686 722; x_wconf 92' lang='lat' dir='ltr'><strong>hoc</strong></span> <span class='ocrx_word' id='word_1_40' title='bbox 714 662 929 724; x_wconf 88' lang='lat' dir='ltr'><strong>medicamento</strong></span> <span class='ocrx_word' id='word_1_41' title='bbox 961 675 1105 743; x_wconf 89' lang='lat' dir='ltr'><strong>quantum</strong></span> 
     </span>
     <span class='ocr_line' id='line_1_7' title="bbox 91 750 1105 832; baseline 0 -19"><span class='ocrx_word' id='word_1_42' title='bbox 91 770 152 813; x_wconf 84' lang='lat' dir='ltr'><strong>nux</strong></span> <span class='ocrx_word' id='word_1_43' title='bbox 175 750 305 812; x_wconf 84' lang='lat' dir='ltr'><strong>avellana</strong></span> <span class='ocrx_word' id='word_1_44' title='bbox 328 768 364 810; x_wconf 90' lang='lat' dir='ltr'><strong>ex</strong></span> <span class='ocrx_word' id='word_1_45' title='bbox 388 752 464 810; x_wconf 90' lang='lat' dir='ltr'><strong>meri</strong></span> <span class='ocrx_word' id='word_1_46' title='bbox 487 750 600 829; x_wconf 80' lang='lat' dir='ltr'><strong>cyathis</strong></span> <span class='ocrx_word' id='word_1_47' title='bbox 625 757 774 832; x_wconf 89' lang='lat' dir='ltr'><strong>quattuor,</strong></span> <span class='ocrx_word' id='word_1_48' title='bbox 798 752 877 830; x_wconf 87' lang='lat' dir='ltr'><strong>quod</strong></span> <span class='ocrx_word' id='word_1_49' title='bbox 901 760 931 813; x_wconf 91' lang='lat' dir='ltr'><strong>et</strong></span> <span class='ocrx_word' id='word_1_50' title='bbox 954 754 1028 832; x_wconf 90' lang='lat' dir='ltr'><strong>ipsis</strong></span> <span class='ocrx_word' id='word_1_51' title='bbox 1046 755 1105 832; x_wconf 94' lang='lat' dir='ltr'><strong>pri-</strong></span> 
     </span>
     <span class='ocr_line' id='line_1_8' title="bbox 91 837 1104 920; baseline 0.001 -19"><span class='ocrx_word' id='word_1_52' title='bbox 91 843 148 901; x_wconf 95' lang='lat' dir='ltr'><strong>mis</strong></span> <span class='ocrx_word' id='word_1_53' title='bbox 177 838 329 900; x_wconf 92' lang='lat' dir='ltr'><strong>doloribus</strong></span> <span class='ocrx_word' id='word_1_54' title='bbox 355 846 385 898; x_wconf 92' lang='lat' dir='ltr'><strong>et</strong></span> <span class='ocrx_word' id='word_1_55' title='bbox 408 837 598 916; x_wconf 91' lang='lat' dir='ltr'><strong>postmodum</strong></span> <span class='ocrx_word' id='word_1_56' title='bbox 621 839 758 920; x_wconf 89' lang='lat' dir='ltr'><strong>prodest,</strong></span> <span class='ocrx_word' id='word_1_57' title='bbox 785 839 815 900; x_wconf 93' lang='lat' dir='ltr'><strong>id</strong></span> <span class='ocrx_word' id='word_1_58' title='bbox 840 849 885 901; x_wconf 92' lang='lat' dir='ltr'><strong>est</strong></span> <span class='ocrx_word' id='word_1_59' title='bbox 909 841 1104 902; x_wconf 92' lang='lat' dir='ltr'><strong>medicamen·</strong></span> 
     </span>
     <span class='ocr_line' id='line_1_9' title="bbox 91 925 1106 1008; baseline 0 -18"><span class='ocrx_word' id='word_1_60' title='bbox 91 938 155 990; x_wconf 89' lang='lat' dir='ltr'><strong>tum</strong></span> <span class='ocrx_word' id='word_1_61' title='bbox 184 935 284 989; x_wconf 89' lang='lat' dir='ltr'><strong>ceroto</strong></span> <span class='ocrx_word' id='word_1_62' title='bbox 316 945 352 988; x_wconf 83' lang='lat' dir='ltr'><strong>ex</strong></span> <span class='ocrx_word' id='word_1_63' title='bbox 375 925 559 987; x_wconf 89' lang='lat' dir='ltr'><strong>malobathro</strong></span> <span class='ocrx_word' id='word_1_64' title='bbox 584 927 661 987; x_wconf 85' lang='lat' dir='ltr'><strong>iacto</strong></span> <span class='ocrx_word' id='word_1_65' title='bbox 684 927 799 989; x_wconf 91' lang='lat' dir='ltr'><strong>duabus</strong></span> <span class='ocrx_word' id='word_1_66' title='bbox 822 929 957 1008; x_wconf 89' lang='lat' dir='ltr'><strong>partibus</strong></span> <span class='ocrx_word' id='word_1_67' title='bbox 980 933 1106 990; x_wconf 84' lang='lat' dir='ltr'><strong>mixtum</strong></span> 
     </span>
     <span class='ocr_line' id='line_1_10' title="bbox 91 1015 1105 1095; baseline 0 -17"><span class='ocrx_word' id='word_1_68' title='bbox 91 1026 121 1078; x_wconf 90' lang='lat' dir='ltr'><strong>et</strong></span> <span class='ocrx_word' id='word_1_69' title='bbox 144 1025 240 1078; x_wconf 88' lang='lat' dir='ltr'><strong>totum</strong></span> <span class='ocrx_word' id='word_1_70' title='bbox 260 1024 343 1076; x_wconf 83' lang='lat' dir='ltr'><strong>extra</strong></span> <span class='ocrx_word' id='word_1_71' title='bbox 362 1017 525 1094; x_wconf 89' lang='lat' dir='ltr'><strong>inpositum</strong></span> <span class='ocrx_word' id='word_1_72' title='bbox 543 1017 575 1074; x_wconf 96' lang='lat' dir='ltr'><strong>in</strong></span> <span class='ocrx_word' id='word_1_73' title='bbox 594 1023 697 1076; x_wconf 83' lang='lat' dir='ltr'><strong>ventre</strong></span> <span class='ocrx_word' id='word_1_74' title='bbox 716 1015 878 1095; x_wconf 89' lang='lat' dir='ltr'><strong>plurimum</strong></span> <span class='ocrx_word' id='word_1_75' title='bbox 897 1021 985 1079; x_wconf 91' lang='lat' dir='ltr'><strong>iuvat.</strong></span> <span class='ocrx_word' id='word_1_76' title='bbox 1017 1019 1105 1079; x_wconf 91' lang='lat' dir='ltr'><strong>Prae·</strong></span> 
     </span>
     <span class='ocr_line' id='line_1_11' title="bbox 50 1103 1105 1184; baseline 0.001 -20"><span class='ocrx_word' id='word_1_77' title='bbox 50 1125 77 1165; x_wconf 73' lang='grc' dir='ltr'><strong>ιο</strong></span> <span class='ocrx_word' id='word_1_78' title='bbox 91 1114 172 1167; x_wconf 91' lang='lat' dir='ltr'><strong>terea</strong></span> <span class='ocrx_word' id='word_1_79' title='bbox 201 1105 277 1165; x_wconf 93' lang='lat' dir='ltr'><strong>hene</strong></span> <span class='ocrx_word' id='word_1_80' title='bbox 306 1104 377 1164; x_wconf 86' lang='lat' dir='ltr'><strong>iacit</strong></span> <span class='ocrx_word' id='word_1_81' title='bbox 406 1112 436 1164; x_wconf 88' lang='lat' dir='ltr'><strong>et</strong></span> <span class='ocrx_word' id='word_1_82' title='bbox 462 1103 498 1164; x_wconf 94' lang='lat' dir='ltr'><strong>ad</strong></span> <span class='ocrx_word' id='word_1_83' title='bbox 523 1105 669 1164; x_wconf 86' lang='lat' dir='ltr'><strong>stomachi</strong></span> <span class='ocrx_word' id='word_1_84' title='bbox 691 1104 873 1166; x_wconf 86' lang='lat' dir='ltr'><strong>inflationem</strong></span> <span class='ocrx_word' id='word_1_85' title='bbox 896 1114 926 1166; x_wconf 93' lang='lat' dir='ltr'><strong>et</strong></span> <span class='ocrx_word' id='word_1_86' title='bbox 949 1107 985 1166; x_wconf 89' lang='lat' dir='ltr'><strong>ad</strong></span> <span class='ocrx_word' id='word_1_87' title='bbox 1009 1109 1105 1184; x_wconf 90' lang='lat' dir='ltr'><strong>suspi-</strong></span> 
     </span>
     <span class='ocr_line' id='line_1_12' title="bbox 90 1191 1105 1257; baseline 0 -2"><span class='ocrx_word' id='word_1_88' title='bbox 90 1198 169 1257; x_wconf 92' lang='lat' dir='ltr'><strong>rium</strong></span> <span class='ocrx_word' id='word_1_89' title='bbox 197 1204 227 1254; x_wconf 87' lang='lat' dir='ltr'><strong>ct</strong></span> <span class='ocrx_word' id='word_1_90' title='bbox 255 1193 291 1254; x_wconf 90' lang='lat' dir='ltr'><strong>ad</strong></span> <span class='ocrx_word' id='word_1_91' title='bbox 319 1193 460 1252; x_wconf 81' lang='lat' dir='ltr'><strong>iocIneris</strong></span> <span class='ocrx_word' id='word_1_92' title='bbox 488 1191 621 1252; x_wconf 92' lang='lat' dir='ltr'><strong>dolorem</strong></span> <span class='ocrx_word' id='word_1_93' title='bbox 649 1200 680 1253; x_wconf 92' lang='lat' dir='ltr'><strong>et</strong></span> <span class='ocrx_word' id='word_1_94' title='bbox 707 1193 743 1254; x_wconf 90' lang='lat' dir='ltr'><strong>ad</strong></span> <span class='ocrx_word' id='word_1_95' title='bbox 771 1201 884 1254; x_wconf 90' lang='lat' dir='ltr'><strong>tussem</strong></span> <span class='ocrx_word' id='word_1_96' title='bbox 914 1202 944 1253; x_wconf 89' lang='lat' dir='ltr'><strong>et</strong></span> <span class='ocrx_word' id='word_1_97' title='bbox 971 1193 1105 1255; x_wconf 81' lang='lat' dir='ltr'><strong>adurae</strong></span> 
     </span>
     <span class='ocr_line' id='line_1_13' title="bbox 91 1280 1104 1361; baseline -0.004 -17"><span class='ocrx_word' id='word_1_98' title='bbox 91 1282 329 1344; x_wconf 89' lang='lat' dir='ltr'><strong>destillationem.</strong></span> <span class='ocrx_word' id='word_1_99' title='bbox 371 1280 405 1340; x_wconf 91' lang='lat' dir='ltr'><strong>ln</strong></span> <span class='ocrx_word' id='word_1_100' title='bbox 432 1280 488 1341; x_wconf 90' lang='lat' dir='ltr'><strong>hac</strong></span> <span class='ocrx_word' id='word_1_101' title='bbox 512 1283 716 1359; x_wconf 92' lang='lat' dir='ltr'><strong>conpositione</strong></span> <span class='ocrx_word' id='word_1_102' title='bbox 740 1280 851 1342; x_wconf 79' lang='lat' dir='ltr'><strong>hodius</strong></span> <span class='ocrx_word' id='word_1_103' title='bbox 874 1281 1008 1361; x_wconf 80' lang='lat' dir='ltr'><strong>Hyginus</strong></span> <span class='ocrx_word' id='word_1_104' title='bbox 1031 1281 1104 1360; x_wconf 82' lang='lat' dir='ltr'><strong>Cap·</strong></span> 
     </span>
     <span class='ocr_line' id='line_1_14' title="bbox 91 1368 1106 1450; baseline -0.001 -20"><span class='ocrx_word' id='word_1_105' title='bbox 91 1371 188 1450; x_wconf 82' lang='lat' dir='ltr'><strong>padox</strong></span> <span class='ocrx_word' id='word_1_106' title='bbox 211 1371 371 1448; x_wconf 82' lang='lat' dir='ltr'><strong>chirurgus</strong></span> <span class='ocrx_word' id='word_1_107' title='bbox 394 1368 503 1429; x_wconf 86' lang='lat' dir='ltr'><strong>Romae</strong></span> <span class='ocrx_word' id='word_1_108' title='bbox 531 1369 603 1430; x_wconf 89' lang='lat' dir='ltr'><strong>dicit</strong></span> <span class='ocrx_word' id='word_1_109' title='bbox 626 1369 739 1430; x_wconf 92' lang='lat' dir='ltr'><strong>adiecta</strong></span> <span class='ocrx_word' id='word_1_110' title='bbox 764 1372 860 1430; x_wconf 88' lang='lat' dir='ltr'><strong>casiae</strong></span> <span class='ocrx_word' id='word_1_111' title='bbox 884 1369 1014 1450; x_wconf 83' lang='lat' dir='ltr'><strong>fistulae,</strong></span> <span class='ocrx_word' id='word_1_112' title='bbox 1037 1372 1106 1450; x_wconf 91' lang='lat' dir='ltr'><strong>apii,</strong></span> 
     </span>
     <span class='ocr_line' id='line_1_15' title="bbox 92 1457 1105 1537; baseline -0.002 -18"><span class='ocrx_word' id='word_1_113' title='bbox 92 1460 221 1519; x_wconf 89' lang='lat' dir='ltr'><strong>cinnami</strong></span> <span class='ocrx_word' id='word_1_114' title='bbox 248 1461 329 1537; x_wconf 90' lang='lat' dir='ltr'><strong>paria</strong></span> <span class='ocrx_word' id='word_1_115' title='bbox 358 1457 490 1536; x_wconf 91' lang='lat' dir='ltr'><strong>pondera</strong></span> <span class='ocrx_word' id='word_1_116' title='bbox 518 1465 548 1518; x_wconf 89' lang='lat' dir='ltr'><strong>et</strong></span> <span class='ocrx_word' id='word_1_117' title='bbox 570 1476 625 1537; x_wconf 92' lang='lat' dir='ltr'><strong>pro</strong></span> <span class='ocrx_word' id='word_1_118' title='bbox 648 1460 751 1537; x_wconf 93' lang='lat' dir='ltr'><strong>pipere</strong></span> <span class='ocrx_word' id='word_1_119' title='bbox 775 1460 859 1536; x_wconf 88' lang='lat' dir='ltr'><strong>nigro</strong></span> <span class='ocrx_word' id='word_1_120' title='bbox 884 1457 982 1518; x_wconf 93' lang='lat' dir='ltr'><strong>album</strong></span> <span class='ocrx_word' id='word_1_121' title='bbox 1006 1466 1036 1518; x_wconf 93' lang='lat' dir='ltr'><strong>et</strong></span> <span class='ocrx_word' id='word_1_122' title='bbox 1059 1476 1105 1517; x_wconf 92' lang='lat' dir='ltr'><strong>ca-</strong></span> 
     </span>
     <span class='ocr_line' id='line_1_16' title="bbox 52 1546 1105 1628; baseline 0.001 -23"><span class='ocrx_word' id='word_1_123' title='bbox 52 1565 78 1606; x_wconf 81' lang='lat'><strong>15</strong></span> <span class='ocrx_word' id='word_1_124' title='bbox 93 1549 185 1608; x_wconf 87' lang='lat' dir='ltr'><strong>storei</strong></span> <span class='ocrx_word' id='word_1_125' title='bbox 208 1549 307 1607; x_wconf 91' lang='lat' dir='ltr'><strong>minus</strong></span> <span class='ocrx_word' id='word_1_126' title='bbox 330 1553 445 1626; x_wconf 91' lang='lat' dir='ltr'><strong>partem</strong></span> <span class='ocrx_word' id='word_1_127' title='bbox 469 1549 588 1607; x_wconf 92' lang='lat' dir='ltr'><strong>tertiam</strong></span> <span class='ocrx_word' id='word_1_128' title='bbox 611 1548 772 1628; x_wconf 88' lang='lat' dir='ltr'><strong>victoriati,</strong></span> <span class='ocrx_word' id='word_1_129' title='bbox 800 1546 879 1625; x_wconf 91' lang='lat' dir='ltr'><strong>quod</strong></span> <span class='ocrx_word' id='word_1_130' title='bbox 904 1549 947 1607; x_wconf 91' lang='lat' dir='ltr'><strong>sic</strong></span> <span class='ocrx_word' id='word_1_131' title='bbox 971 1548 1105 1625; x_wconf 92' lang='lat' dir='ltr'><strong>conposi-</strong></span> 
     </span>
     <span class='ocr_line' id='line_1_17' title="bbox 91 1630 1105 1716; baseline -0.003 -19"><span class='ocrx_word' id='word_1_132' title='bbox 91 1644 155 1698; x_wconf 89' lang='lat' dir='ltr'><strong>tum</strong></span> <span class='ocrx_word' id='word_1_133' title='bbox 183 1636 308 1696; x_wconf 90' lang='lat' dir='ltr'><strong>mirifice</strong></span> <span class='ocrx_word' id='word_1_134' title='bbox 337 1635 408 1695; x_wconf 87' lang='lat' dir='ltr'><strong>iacit</strong></span> <span class='ocrx_word' id='word_1_135' title='bbox 435 1642 466 1695; x_wconf 93' lang='lat' dir='ltr'><strong>et</strong></span> <span class='ocrx_word' id='word_1_136' title='bbox 489 1630 570 1716; x_wconf 86' lang='lat' dir='ltr'><strong>&lt;ad&gt;</strong></span> <span class='ocrx_word' id='word_1_137' title='bbox 594 1637 746 1714; x_wconf 88' lang='lat' dir='ltr'><strong>sanguinis</strong></span> <span class='ocrx_word' id='word_1_138' title='bbox 775 1637 962 1713; x_wconf 87' lang='lat' dir='ltr'><strong>eruptionem</strong></span> <span class='ocrx_word' id='word_1_139' title='bbox 986 1634 1022 1694; x_wconf 92' lang='lat' dir='ltr'><strong>de</strong></span> <span class='ocrx_word' id='word_1_140' title='bbox 1047 1643 1105 1695; x_wconf 92' lang='lat' dir='ltr'><strong>sto·</strong></span> 
     </span>
     <span class='ocr_line' id='line_1_18' title="bbox 92 1724 371 1802; baseline -0.011 -16"><span class='ocrx_word' id='word_1_141' title='bbox 92 1724 196 1786; x_wconf 92' lang='lat' dir='ltr'><strong>macho</strong></span> <span class='ocrx_word' id='word_1_142' title='bbox 219 1732 371 1802; x_wconf 89' lang='lat' dir='ltr'><strong>corrupto.</strong></span> 
     </span>
     <span class='ocr_line' id='line_1_19' title="bbox 181 1809 1140 1891; baseline -0.001 -20"><span class='ocrx_word' id='word_1_143' title='bbox 181 1811 279 1872; x_wconf 84' lang='lat' dir='ltr'><strong>Colice</strong></span> <span class='ocrx_word' id='word_1_144' title='bbox 309 1811 433 1872; x_wconf 80' lang='lat' dir='ltr'><strong>mirifica</strong></span> <span class='ocrx_word' id='word_1_145' title='bbox 462 1810 528 1872; x_wconf 93' lang='lat' dir='ltr'><strong>Iulii</strong></span> <span class='ocrx_word' id='word_1_146' title='bbox 555 1811 640 1872; x_wconf 89' lang='lat' dir='ltr'><strong>Bassi</strong></span> <span class='ocrx_word' id='word_1_147' title='bbox 667 1813 726 1871; x_wconf 93' lang='lat' dir='ltr'><strong>cito</strong></span> <span class='ocrx_word' id='word_1_148' title='bbox 750 1811 841 1891; x_wconf 86' lang='lat' dir='ltr'><strong>levat,</strong></span> <span class='ocrx_word' id='word_1_149' title='bbox 869 1811 938 1871; x_wconf 91' lang='lat' dir='ltr'><strong>deiu</strong></span> <span class='ocrx_word' id='word_1_150' title='bbox 961 1809 1039 1871; x_wconf 92' lang='lat' dir='ltr'><strong>tollit</strong></span> <span class='ocrx_word' id='word_1_151' title='bbox 1061 1812 1140 1871; x_wconf 77' lang='lat' dir='ltr'><strong>ino</strong></span> 
     </span>
     <span class='ocr_line' id='line_1_20' title="bbox 93 1899 1105 1980; baseline -0.001 -20"><span class='ocrx_word' id='word_1_152' title='bbox 93 1900 228 1960; x_wconf 85' lang='lat' dir='ltr'><strong>dationes</strong></span> <span class='ocrx_word' id='word_1_153' title='bbox 247 1899 304 1961; x_wconf 92' lang='lat' dir='ltr'><strong>coli</strong></span> <span class='ocrx_word' id='word_1_154' title='bbox 323 1909 353 1961; x_wconf 92' lang='lat' dir='ltr'><strong>et</strong></span> <span class='ocrx_word' id='word_1_155' title='bbox 371 1902 467 1960; x_wconf 89' lang='lat' dir='ltr'><strong>omnis</strong></span> <span class='ocrx_word' id='word_1_156' title='bbox 486 1903 579 1977; x_wconf 90' lang='lat' dir='ltr'><strong>partis</strong></span> <span class='ocrx_word' id='word_1_157' title='bbox 598 1901 746 1980; x_wconf 81' lang='lat' dir='ltr'><strong>corporis3</strong></span> <span class='ocrx_word' id='word_1_158' title='bbox 765 1900 834 1960; x_wconf 87' lang='lat' dir='ltr'><strong>iacit</strong></span> <span class='ocrx_word' id='word_1_159' title='bbox 853 1907 883 1959; x_wconf 91' lang='lat' dir='ltr'><strong>et</strong></span> <span class='ocrx_word' id='word_1_160' title='bbox 904 1899 940 1959; x_wconf 93' lang='lat' dir='ltr'><strong>ad</strong></span> <span class='ocrx_word' id='word_1_161' title='bbox 960 1900 1105 1959; x_wconf 89' lang='lat' dir='ltr'><strong>stomachi</strong></span> 
     </span>
     <span class='ocr_line' id='line_1_21' title="bbox 52 1987 1104 2068; baseline -0.001 -21"><span class='ocrx_word' id='word_1_162' title='bbox 52 2007 79 2047; x_wconf 80' lang='lat'><strong>20</strong></span> <span class='ocrx_word' id='word_1_163' title='bbox 93 1988 309 2048; x_wconf 91' lang='lat' dir='ltr'><strong>imbecillitates</strong></span> <span class='ocrx_word' id='word_1_164' title='bbox 337 1995 367 2048; x_wconf 92' lang='lat' dir='ltr'><strong>et</strong></span> <span class='ocrx_word' id='word_1_165' title='bbox 394 1988 431 2048; x_wconf 92' lang='lat' dir='ltr'><strong>ad</strong></span> <span class='ocrx_word' id='word_1_166' title='bbox 459 1990 670 2049; x_wconf 90' lang='lat' dir='ltr'><strong>intestinorum</strong></span> <span class='ocrx_word' id='word_1_167' title='bbox 697 1987 808 2066; x_wconf 90' lang='lat' dir='ltr'><strong>alioqui</strong></span> <span class='ocrx_word' id='word_1_168' title='bbox 835 1987 981 2068; x_wconf 91' lang='lat' dir='ltr'><strong>dolorem,</strong></span> <span class='ocrx_word' id='word_1_169' title='bbox 1014 2005 1104 2066; x_wconf 86' lang='lat' dir='ltr'><strong>quem</strong></span> 
     </span>
     <span class='ocr_line' id='line_1_22' title="bbox 94 2076 1104 2158; baseline -0.002 -21"><span class='ocrx_word' id='word_1_170' title='bbox 94 2077 199 2137; x_wconf 87' lang='lat' dir='ltr'><strong>Graeci</strong></span> <span class='ocrx_word' id='word_1_171' title='bbox 226 2076 381 2156; x_wconf 90' lang='lat' dir='ltr'><strong>strophum</strong></span> <span class='ocrx_word' id='word_1_172' title='bbox 408 2076 569 2158; x_wconf 90' lang='lat' dir='ltr'><strong>appellant,</strong></span> <span class='ocrx_word' id='word_1_173' title='bbox 597 2095 633 2137; x_wconf 82' lang='lat' dir='ltr'><strong>ex</strong></span> <span class='ocrx_word' id='word_1_174' title='bbox 660 2094 736 2155; x_wconf 92' lang='lat' dir='ltr'><strong>aqua</strong></span> <span class='ocrx_word' id='word_1_175' title='bbox 763 2076 909 2155; x_wconf 81' lang='lat' dir='ltr'><strong>hysopum</strong></span> <span class='ocrx_word' id='word_1_176' title='bbox 932 2084 983 2136; x_wconf 91' lang='lat' dir='ltr'><strong>aut</strong></span> <span class='ocrx_word' id='word_1_177' title='bbox 1005 2085 1104 2136; x_wconf 89' lang='lat' dir='ltr'><strong>rutam</strong></span> 
     </span>
     <span class='ocr_line' id='line_1_23' title="bbox 91 2164 1104 2244; baseline -0.002 -18"><span class='ocrx_word' id='word_1_178' title='bbox 91 2168 239 2226; x_wconf 89' lang='lat' dir='ltr'><strong>incoctam</strong></span> <span class='ocrx_word' id='word_1_179' title='bbox 261 2164 398 2226; x_wconf 90' lang='lat' dir='ltr'><strong>habente.</strong></span> <span class='ocrx_word' id='word_1_180' title='bbox 432 2164 507 2225; x_wconf 92' lang='lat' dir='ltr'><strong>ltem</strong></span> <span class='ocrx_word' id='word_1_181' title='bbox 525 2164 601 2225; x_wconf 87' lang='lat' dir='ltr'><strong>bene</strong></span> <span class='ocrx_word' id='word_1_182' title='bbox 620 2164 691 2225; x_wconf 86' lang='lat' dir='ltr'><strong>iacit</strong></span> <span class='ocrx_word' id='word_1_183' title='bbox 709 2164 745 2226; x_wconf 91' lang='lat' dir='ltr'><strong>ad</strong></span> <span class='ocrx_word' id='word_1_184' title='bbox 764 2166 939 2244; x_wconf 88' lang='lat' dir='ltr'><strong>sanguinem</strong></span> <span class='ocrx_word' id='word_1_185' title='bbox 957 2171 987 2224; x_wconf 91' lang='lat' dir='ltr'><strong>et</strong></span> <span class='ocrx_word' id='word_1_186' title='bbox 1006 2183 1041 2224; x_wconf 85' lang='lat' dir='ltr'><strong>ex</strong></span> <span class='ocrx_word' id='word_1_187' title='bbox 1060 2167 1104 2224; x_wconf 92' lang='lat' dir='ltr'><strong>in·</strong></span> 
     </span>
     <span class='ocr_line' id='line_1_24' title="bbox 92 2252 1104 2335; baseline -0.002 -20"><span class='ocrx_word' id='word_1_188' title='bbox 92 2256 202 2315; x_wconf 92' lang='lat' dir='ltr'><strong>teriore</strong></span> <span class='ocrx_word' id='word_1_189' title='bbox 226 2262 324 2335; x_wconf 81' lang='lat' dir='ltr'><strong>parte3</strong></span> <span class='ocrx_word' id='word_1_190' title='bbox 348 2271 408 2314; x_wconf 95' lang='lat' dir='ltr'><strong>non</strong></span> <span class='ocrx_word' id='word_1_191' title='bbox 432 2255 512 2314; x_wconf 92' lang='lat' dir='ltr'><strong>enim</strong></span> <span class='ocrx_word' id='word_1_192' title='bbox 529 2256 641 2332; x_wconf 90' lang='lat' dir='ltr'><strong>patitur</strong></span> <span class='ocrx_word' id='word_1_193' title='bbox 659 2253 718 2314; x_wconf 94' lang='lat' dir='ltr'><strong>late</strong></span> <span class='ocrx_word' id='word_1_194' title='bbox 736 2254 802 2314; x_wconf 91' lang='lat' dir='ltr'><strong>fieri</strong></span> <span class='ocrx_word' id='word_1_195' title='bbox 820 2272 876 2314; x_wconf 89' lang='lat' dir='ltr'><strong>nec</strong></span> <span class='ocrx_word' id='word_1_196' title='bbox 895 2254 976 2314; x_wconf 83' lang='lat' dir='ltr'><strong>intus</strong></span> <span class='ocrx_word' id='word_1_197' title='bbox 995 2252 1104 2313; x_wconf 88' lang='lat' dir='ltr'><strong>vulnus</strong></span> 
     </span>
     <span class='ocr_line' id='line_1_25' title="bbox 92 2341 1104 2422; baseline -0.003 -18"><span class='ocrx_word' id='word_1_198' title='bbox 92 2346 234 2422; x_wconf 87' lang='lat' dir='ltr'><strong>converti,</strong></span> <span class='ocrx_word' id='word_1_199' title='bbox 258 2342 310 2402; x_wconf 93' lang='lat' dir='ltr'><strong>sed</strong></span> <span class='ocrx_word' id='word_1_200' title='bbox 334 2349 365 2402; x_wconf 90' lang='lat' dir='ltr'><strong>et</strong></span> <span class='ocrx_word' id='word_1_201' title='bbox 387 2344 447 2403; x_wconf 92' lang='lat' dir='ltr'><strong>cito</strong></span> <span class='ocrx_word' id='word_1_202' title='bbox 471 2344 630 2421; x_wconf 90' lang='lat' dir='ltr'><strong>supprimit</strong></span> <span class='ocrx_word' id='word_1_203' title='bbox 653 2344 828 2420; x_wconf 89' lang='lat' dir='ltr'><strong>sanguinem</strong></span> <span class='ocrx_word' id='word_1_204' title='bbox 847 2351 878 2402; x_wconf 94' lang='lat' dir='ltr'><strong>et</strong></span> <span class='ocrx_word' id='word_1_205' title='bbox 897 2341 1004 2403; x_wconf 88' lang='lat' dir='ltr'><strong>vulnus</strong></span> <span class='ocrx_word' id='word_1_206' title='bbox 1024 2343 1104 2419; x_wconf 88' lang='lat' dir='ltr'><strong>cogit</strong></span> 
     </span>
     <span class='ocr_line' id='line_1_26' title="bbox 51 2428 1105 2509; baseline 0.003 -22"><span class='ocrx_word' id='word_1_207' title='bbox 51 2447 78 2488; x_wconf 80' lang='lat'><strong>2⁵</strong></span> <span class='ocrx_word' id='word_1_208' title='bbox 92 2433 181 2492; x_wconf 90' lang='lat' dir='ltr'><strong>coire.</strong></span> <span class='ocrx_word' id='word_1_209' title='bbox 215 2431 351 2491; x_wconf 87' lang='lat' dir='ltr'><strong>Dandum</strong></span> <span class='ocrx_word' id='word_1_210' title='bbox 374 2438 473 2491; x_wconf 90' lang='lat' dir='ltr'><strong>autem</strong></span> <span class='ocrx_word' id='word_1_211' title='bbox 497 2431 545 2491; x_wconf 90' lang='lat' dir='ltr'><strong>his</strong></span> <span class='ocrx_word' id='word_1_212' title='bbox 567 2430 815 2491; x_wconf 88' lang='lat' dir='ltr'><strong>medicamentum</strong></span> <span class='ocrx_word' id='word_1_213' title='bbox 839 2450 875 2491; x_wconf 89' lang='lat' dir='ltr'><strong>ex</strong></span> <span class='ocrx_word' id='word_1_214' title='bbox 898 2449 974 2509; x_wconf 92' lang='lat' dir='ltr'><strong>aqua</strong></span> <span class='ocrx_word' id='word_1_215' title='bbox 993 2428 1105 2509; x_wconf 90' lang='lat' dir='ltr'><strong>polium</strong></span> 
     </span>
     <span class='ocr_line' id='line_1_27' title="bbox 92 2518 1105 2581; baseline -0.003 0"><span class='ocrx_word' id='word_1_216' title='bbox 92 2527 210 2581; x_wconf 89' lang='lat' dir='ltr'><strong>coctum</strong></span> <span class='ocrx_word' id='word_1_217' title='bbox 229 2519 358 2580; x_wconf 87' lang='lat' dir='ltr'><strong>habente</strong></span> <span class='ocrx_word' id='word_1_218' title='bbox 377 2527 429 2580; x_wconf 91' lang='lat' dir='ltr'><strong>aut</strong></span> <span class='ocrx_word' id='word_1_219' title='bbox 448 2526 554 2580; x_wconf 90' lang='lat' dir='ltr'><strong>rutam.</strong></span> <span class='ocrx_word' id='word_1_220' title='bbox 584 2518 710 2580; x_wconf 88' lang='lat' dir='ltr'><strong>Prodest</strong></span> <span class='ocrx_word' id='word_1_221' title='bbox 724 2527 754 2580; x_wconf 93' lang='lat' dir='ltr'><strong>et</strong></span> <span class='ocrx_word' id='word_1_222' title='bbox 768 2522 940 2580; x_wconf 89' lang='lat' dir='ltr'><strong>torminosis</strong></span> <span class='ocrx_word' id='word_1_223' title='bbox 956 2527 986 2580; x_wconf 89' lang='lat' dir='ltr'><strong>et</strong></span> <span class='ocrx_word' id='word_1_224' title='bbox 1000 2518 1105 2580; x_wconf 93' lang='lat' dir='ltr'><strong>coelia-</strong></span> 
     </span>
     <span class='ocr_line' id='line_1_28' title="bbox 92 2606 1106 2687; baseline -0.002 -18"><span class='ocrx_word' id='word_1_225' title='bbox 92 2611 136 2670; x_wconf 90' lang='lat' dir='ltr'><strong>cis</strong></span> <span class='ocrx_word' id='word_1_226' title='bbox 159 2608 261 2668; x_wconf 91' lang='lat' dir='ltr'><strong>datum</strong></span> <span class='ocrx_word' id='word_1_227' title='bbox 280 2626 317 2668; x_wconf 82' lang='lat' dir='ltr'><strong>ex</strong></span> <span class='ocrx_word' id='word_1_228' title='bbox 334 2625 410 2686; x_wconf 91' lang='lat' dir='ltr'><strong>aqua</strong></span> <span class='ocrx_word' id='word_1_229' title='bbox 430 2606 642 2668; x_wconf 89' lang='lat' dir='ltr'><strong>centunculum</strong></span> <span class='ocrx_word' id='word_1_230' title='bbox 660 2606 783 2668; x_wconf 93' lang='lat' dir='ltr'><strong>herbam</strong></span> <span class='ocrx_word' id='word_1_231' title='bbox 803 2610 950 2669; x_wconf 91' lang='lat' dir='ltr'><strong>incoctam</strong></span> <span class='ocrx_word' id='word_1_232' title='bbox 968 2607 1106 2687; x_wconf 90' lang='lat' dir='ltr'><strong>habente,</strong></span> 
     </span>
     <span class='ocr_line' id='line_1_29' title="bbox 92 2695 1105 2776; baseline -0.003 -19"><span class='ocrx_word' id='word_1_233' title='bbox 92 2715 181 2776; x_wconf 91' lang='lat' dir='ltr'><strong>quam</strong></span> <span class='ocrx_word' id='word_1_234' title='bbox 205 2695 310 2756; x_wconf 89' lang='lat' dir='ltr'><strong>Graeci</strong></span> <span class='ocrx_word' id='word_1_235' title='bbox 332 2696 508 2775; x_wconf 90' lang='lat' dir='ltr'><strong>gnaphalida</strong></span> <span class='ocrx_word' id='word_1_236' title='bbox 531 2696 647 2776; x_wconf 87' lang='lat' dir='ltr'><strong>dicunt,</strong></span> <span class='ocrx_word' id='word_1_237' title='bbox 674 2699 837 2756; x_wconf 91' lang='lat' dir='ltr'><strong>autetiam</strong></span> <span class='ocrx_word' id='word_1_238' title='bbox 861 2695 956 2756; x_wconf 90' lang='lat' dir='ltr'><strong>sorbis</strong></span> <span class='ocrx_word' id='word_1_239' title='bbox 980 2698 1105 2756; x_wconf 89' lang='lat' dir='ltr'><strong>incoctis</strong></span> 
     </span>
     <span class='ocr_line' id='line_1_30' title="bbox 93 2782 1104 2863; baseline -0.003 -18"><span class='ocrx_word' id='word_1_240' title='bbox 93 2795 144 2845; x_wconf 89' lang='lat' dir='ltr'><strong>aut</strong></span> <span class='ocrx_word' id='word_1_241' title='bbox 172 2783 292 2863; x_wconf 88' lang='lat' dir='ltr'><strong>Syriaca</strong></span> <span class='ocrx_word' id='word_1_242' title='bbox 316 2784 431 2863; x_wconf 90' lang='lat' dir='ltr'><strong>siliqua.</strong></span> <span class='ocrx_word' id='word_1_243' title='bbox 477 2784 612 2845; x_wconf 91' lang='lat' dir='ltr'><strong>Lienosis</strong></span> <span class='ocrx_word' id='word_1_244' title='bbox 640 2784 728 2844; x_wconf 93' lang='lat' dir='ltr'><strong>datur</strong></span> <span class='ocrx_word' id='word_1_245' title='bbox 757 2802 793 2843; x_wconf 90' lang='lat' dir='ltr'><strong>ex</strong></span> <span class='ocrx_word' id='word_1_246' title='bbox 820 2783 917 2843; x_wconf 90' lang='lat' dir='ltr'><strong>mulso</strong></span> <span class='ocrx_word' id='word_1_247' title='bbox 944 2782 990 2842; x_wconf 90' lang='lat' dir='ltr'><strong>vel</strong></span> <span class='ocrx_word' id='word_1_248' title='bbox 1017 2801 1104 2860; x_wconf 91' lang='lat' dir='ltr'><strong>passo</strong></span> 
     </span>
    </p>
   </div>
   <div class='ocr_carea' id='block_1_3' title="bbox 92 2931 1106 3575">
    <p class='ocr_par' dir='ltr' id='par_1_3' title="bbox 92 2931 1106 3575">
     <span class='ocr_line' id='line_1_31' title="bbox 183 2931 1106 3006; baseline -0.005 -17"><span class='ocrx_word' id='word_1_249' title='bbox 183 2941 197 2989; x_wconf 95' lang='lat'>1</span> <span class='ocrx_word' id='word_1_250' title='bbox 218 2934 320 2990; x_wconf 83' lang='lat' dir='ltr'><strong>mirrea</strong></span> <span class='ocrx_word' id='word_1_251' title='bbox 342 2936 374 2989; x_wconf 82' lang='lat' dir='ltr'><strong>in</strong></span> <span class='ocrx_word' id='word_1_252' title='bbox 395 2952 481 3006; x_wconf 72' lang='lat' dir='ltr'><strong>marg.</strong></span> <span class='ocrx_word' id='word_1_253' title='bbox 505 2937 586 3000; x_wconf 83' lang='lat' dir='ltr'><strong>odd.;</strong></span> <span class='ocrx_word' id='word_1_254' title='bbox 613 2935 673 2990; x_wconf 80' lang='lat' dir='ltr'><strong>eius</strong></span> <span class='ocrx_word' id='word_1_255' title='bbox 695 2936 727 2989; x_wconf 81' lang='lat' dir='ltr'><strong>ic</strong></span> <span class='ocrx_word' id='word_1_256' title='bbox 751 2935 808 2989; x_wconf 85' lang='lat' dir='ltr'><strong>loco</strong></span> <span class='ocrx_word' id='word_1_257' title='bbox 831 2939 870 2988; x_wconf 85' lang='lat' dir='ltr'><strong>est</strong></span> <span class='ocrx_word' id='word_1_258' title='bbox 892 2935 924 2987; x_wconf 81' lang='lat' dir='ltr'><strong>iu</strong></span> <span class='ocrx_word' id='word_1_259' title='bbox 946 2937 1024 2986; x_wconf 77' lang='lat' dir='ltr'><strong>tectu</strong></span> <span class='ocrx_word' id='word_1_260' title='bbox 1047 2931 1106 3000; x_wconf 90' lang='lat' dir='ltr'><strong>opii</strong></span> 
     </span>
     <span class='ocr_line' id='line_1_32' title="bbox 92 3002 1104 3076; baseline -0.005 -16"><span class='ocrx_word' id='word_1_261' title='bbox 92 3007 166 3076; x_wconf 80' lang='lat' dir='ltr'><strong>qood</strong></span> <span class='ocrx_word' id='word_1_262' title='bbox 183 3006 276 3060; x_wconf 81' lang='lat' dir='ltr'><strong>delevi.</strong></span> <span class='ocrx_word' id='word_1_263' title='bbox 322 3005 417 3076; x_wconf 81' lang='lat' dir='ltr'><strong>spicae</strong></span> <span class='ocrx_word' id='word_1_264' title='bbox 430 3006 512 3062; x_wconf 83' lang='lat' dir='ltr'><strong>nardi</strong></span> <span class='ocrx_word' id='word_1_265' title='bbox 525 3005 638 3061; x_wconf 82' lang='lat' dir='ltr'><strong>Indicae</strong></span> <span class='ocrx_word' id='word_1_266' title='bbox 652 3006 752 3061; x_wconf 82' lang='lat' dir='ltr'><strong>unciae</strong></span> <span class='ocrx_word' id='word_1_267' title='bbox 766 3006 798 3058; x_wconf 80' lang='lat' dir='ltr'><strong>iu</strong></span> <span class='ocrx_word' id='word_1_268' title='bbox 811 3020 920 3059; x_wconf 78' lang='lat' dir='ltr'><strong>rasura.</strong></span> <span class='ocrx_word' id='word_1_269' title='bbox 970 3002 1104 3056; x_wconf 85' lang='lat' dir='ltr'><strong>4seoeni.</strong></span> 
     </span>
     <span class='ocr_line' id='line_1_33' title="bbox 93 3074 1105 3144; baseline -0.003 -14"><span class='ocrx_word' id='word_1_270' title='bbox 93 3082 110 3130; x_wconf 75' lang='grc' dir='ltr'>ὅ</span> <span class='ocrx_word' id='word_1_271' title='bbox 128 3075 374 3132; x_wconf 79' lang='lat' dir='ltr'><strong>medicamentum.</strong></span> <span class='ocrx_word' id='word_1_272' title='bbox 443 3084 459 3133; x_wconf 78' lang='grc'><strong>7</strong></span> <span class='ocrx_word' id='word_1_273' title='bbox 478 3078 614 3134; x_wconf 77' lang='lat' dir='ltr'><strong>vocabulo</strong></span> <span class='ocrx_word' id='word_1_274' title='bbox 630 3076 661 3131; x_wconf 90' lang='lat' dir='ltr'><strong>id</strong></span> <span class='ocrx_word' id='word_1_275' title='bbox 680 3080 722 3132; x_wconf 89' lang='lat' dir='ltr'><strong>est</strong></span> <span class='ocrx_word' id='word_1_276' title='bbox 740 3082 871 3144; x_wconf 80' lang='lat' dir='ltr'><strong>corrupta</strong></span> <span class='ocrx_word' id='word_1_277' title='bbox 889 3090 944 3129; x_wconf 83' lang='lat' dir='ltr'><strong>cose</strong></span> <span class='ocrx_word' id='word_1_278' title='bbox 961 3074 1105 3140; x_wconf 60' lang='lat' dir='ltr'><strong>uidentem</strong></span> 
     </span>
     <span class='ocr_line' id='line_1_34' title="bbox 93 3144 1105 3215; baseline -0.003 -13"><span class='ocrx_word' id='word_1_279' title='bbox 93 3148 158 3215; x_wconf 75' lang='lat' dir='ltr'><strong>sort.</strong></span> <span class='ocrx_word' id='word_1_280' title='bbox 176 3163 228 3202; x_wconf 85' lang='lat' dir='ltr'><strong>ser.</strong></span> <span class='ocrx_word' id='word_1_281' title='bbox 247 3148 322 3203; x_wconf 91' lang='lat' dir='ltr'><strong>idem</strong></span> <span class='ocrx_word' id='word_1_282' title='bbox 339 3148 412 3204; x_wconf 91' lang='lat' dir='ltr'><strong>med.</strong></span> <span class='ocrx_word' id='word_1_283' title='bbox 518 3147 722 3203; x_wconf 78' lang='lat' dir='ltr'><strong>minitatione.</strong></span> <span class='ocrx_word' id='word_1_284' title='bbox 821 3154 853 3202; x_wconf 80' lang='lat'><strong>12</strong></span> <span class='ocrx_word' id='word_1_285' title='bbox 874 3144 1105 3214; x_wconf 84' lang='lat' dir='ltr'><strong>conpositionem.</strong></span> 
     </span>
     <span class='ocr_line' id='line_1_35' title="bbox 95 3218 1104 3290; baseline -0.003 -17"><span class='ocrx_word' id='word_1_286' title='bbox 95 3223 128 3273; x_wconf 81' lang='lat'><strong>13</strong></span> <span class='ocrx_word' id='word_1_287' title='bbox 147 3218 231 3290; x_wconf 81' lang='lat' dir='ltr'><strong>dicit]</strong></span> <span class='ocrx_word' id='word_1_288' title='bbox 248 3220 331 3275; x_wconf 84' lang='lat' dir='ltr'><strong>verba</strong></span> <span class='ocrx_word' id='word_1_289' title='bbox 348 3235 418 3290; x_wconf 77' lang='lat' dir='ltr'><strong>ponc</strong></span> <span class='ocrx_word' id='word_1_290' title='bbox 435 3224 587 3290; x_wconf 74' lang='lat' dir='ltr'><strong>sequautur</strong></span> <span class='ocrx_word' id='word_1_291' title='bbox 606 3220 718 3274; x_wconf 72' lang='lat' dir='ltr'><strong>turbata</strong></span> <span class='ocrx_word' id='word_1_292' title='bbox 736 3234 790 3273; x_wconf 81' lang='lat' dir='ltr'><strong>csse</strong></span> <span class='ocrx_word' id='word_1_293' title='bbox 807 3219 943 3274; x_wconf 78' lang='lat' dir='ltr'><strong>videntur.</strong></span> <span class='ocrx_word' id='word_1_294' title='bbox 991 3222 1024 3271; x_wconf 76' lang='grc'><strong>16</strong></span> <span class='ocrx_word' id='word_1_295' title='bbox 1043 3232 1104 3271; x_wconf 89' lang='lat' dir='ltr'><strong>eru·</strong></span> 
     </span>
     <span class='ocr_line' id='line_1_36' title="bbox 93 3288 1105 3415; baseline -0.001 -72"><span class='ocrx_word' id='word_1_296' title='bbox 93 3289 198 3360; x_wconf 82' lang='lat' dir='ltr'><strong>ptione.</strong></span> <span class='ocrx_word' id='word_1_297' title='bbox 281 3295 315 3346; x_wconf 85' lang='lat'><strong>18</strong></span> <span class='ocrx_word' id='word_1_298' title='bbox 334 3290 427 3345; x_wconf 81' lang='lat' dir='ltr'><strong>Colice</strong></span> <span class='ocrx_word' id='word_1_299' title='bbox 446 3289 582 3415; x_wconf 40' lang='lat' dir='ltr'><strong>mirifica}</strong></span> <span class='ocrx_word' id='word_1_300' title='bbox 601 3290 680 3346; x_wconf 86' lang='lat' dir='ltr'><strong>Haec</strong></span> <span class='ocrx_word' id='word_1_301' title='bbox 698 3290 773 3344; x_wconf 79' lang='lat' dir='ltr'><strong>Iulii</strong></span> <span class='ocrx_word' id='word_1_302' title='bbox 790 3289 876 3344; x_wconf 80' lang='lat' dir='ltr'><strong>Bassi</strong></span> <span class='ocrx_word' id='word_1_303' title='bbox 893 3288 975 3344; x_wconf 80' lang='lat' dir='ltr'><strong>colice</strong></span> <span class='ocrx_word' id='word_1_304' title='bbox 993 3303 1049 3341; x_wconf 78' lang='lat' dir='ltr'><strong>oon</strong></span> <span class='ocrx_word' id='word_1_305' title='bbox 1067 3292 1105 3342; x_wconf 81' lang='lat' dir='ltr'><strong>ec</strong></span> 
     </span>
     <span class='ocr_line' id='line_1_37' title="bbox 92 3359 1105 3436; baseline -0.005 -21"><span class='ocrx_word' id='word_1_306' title='bbox 92 3363 125 3416; x_wconf 77' lang='lat' dir='ltr'><strong>in</strong></span> <span class='ocrx_word' id='word_1_307' title='bbox 147 3361 250 3428; x_wconf 77' lang='lat' dir='ltr'><strong>codice,</strong></span> <span class='ocrx_word' id='word_1_308' title='bbox 276 3361 308 3416; x_wconf 75' lang='lat' dir='ltr'><strong>iu</strong></span> <span class='ocrx_word' id='word_1_309' title='bbox 331 3377 383 3432; x_wconf 76' lang='lat' dir='ltr'><strong>quo</strong></span> <span class='ocrx_word' id='word_1_310' title='bbox 407 3361 541 3418; x_wconf 82' lang='lat' dir='ltr'><strong>vocabulo</strong></span> <span class='ocrx_word' id='word_1_311' title='bbox 583 3377 598 3415; x_wconf 88' lang='lat' dir='ltr'><strong>e</strong></span> <span class='ocrx_word' id='word_1_312' title='bbox 622 3362 766 3416; x_wconf 83' lang='lat' dir='ltr'><strong>stomacho</strong></span> <span class='ocrx_word' id='word_1_313' title='bbox 791 3361 922 3429; x_wconf 83' lang='lat' dir='ltr'><strong>corrupto</strong></span> <span class='ocrx_word' id='word_1_314' title='bbox 946 3360 972 3424; x_wconf 70' lang='lat'><strong>(5</strong></span> <span class='ocrx_word' id='word_1_315' title='bbox 991 3362 1007 3410; x_wconf 75' lang='grc' dir='ltr'>ὅ</span> <span class='ocrx_word' id='word_1_316' title='bbox 1026 3359 1105 3436; x_wconf 64' lang='lat' dir='ltr'><strong>ectr.)</strong></span> 
     </span>
     <span class='ocr_line' id='line_1_38' title="bbox 92 3426 1106 3572; baseline -0.011 -83"><span class='ocrx_word' id='word_1_317' title='bbox 92 3433 196 3556; x_wconf 51' lang='lat' dir='ltr'><strong>eaecp&#39;lpit</strong></span> <span class='ocrx_word' id='word_1_318' title='bbox 213 3434 385 3572; x_wconf 53' lang='lat' dir='ltr'><strong>eomppeitto,</strong></span> <span class='ocrx_word' id='word_1_319' title='bbox 406 3433 486 3488; x_wconf 71' lang='lat' dir='ltr'><strong>eadm</strong></span> <span class='ocrx_word' id='word_1_320' title='bbox 504 3433 617 3487; x_wconf 75' lang='lat' dir='ltr'><strong>initium</strong></span> <span class='ocrx_word' id='word_1_321' title='bbox 635 3437 688 3487; x_wconf 82' lang='lat' dir='ltr'><strong>eat:</strong></span> <span class='ocrx_word' id='word_1_322' title='bbox 717 3431 760 3485; x_wconf 84' lang='lat' dir='ltr'><strong>Ad</strong></span> <span class='ocrx_word' id='word_1_323' title='bbox 779 3430 834 3486; x_wconf 87' lang='lat' dir='ltr'><strong>coli</strong></span> <span class='ocrx_word' id='word_1_324' title='bbox 853 3430 979 3485; x_wconf 85' lang='lat' dir='ltr'><strong>dolorem</strong></span> <span class='ocrx_word' id='word_1_325' title='bbox 996 3426 1106 3481; x_wconf 76' lang='lat' dir='ltr'><strong>fuerunt</strong></span> 
     </span>
     <span class='ocr_line' id='line_1_39' title="bbox 93 3503 305 3575; baseline -0.009 -16"><span class='ocrx_word' id='word_1_326' title='bbox 93 3503 140 3573; x_wconf 86' lang='lat' dir='ltr'><strong>qui</strong></span> <span class='ocrx_word' id='word_1_327' title='bbox 162 3519 207 3558; x_wconf 81' lang='lat' dir='ltr'><strong>cm</strong></span> <span class='ocrx_word' id='word_1_328' title='bbox 227 3506 252 3575; x_wconf 66' lang='lat'><strong>(5</strong></span> <span class='ocrx_word' id='word_1_329' title='bbox 268 3508 305 3557; x_wconf 80' lang='grc'><strong>7.</strong></span> 
     </span>
    </p>
   </div>
   <div class='ocr_carea' id='block_1_4' title="bbox 0 0 1227 3802">
    <p class='ocr_par' dir='ltr' id='par_1_4' title="bbox 0 0 1227 3802">
     <span class='ocr_line' id='line_1_40' title="bbox 0 0 1227 3802; baseline 0 0"><span class='ocrx_word' id='word_1_330' title='bbox 0 0 1227 3802; x_wconf 95' lang='lat' dir='ltr'><strong> </strong></span> 
     </span>
    </p>
   </div>
  </div>
 </body>
</html>
