<?xml version="1.0" encoding="UTF-8"?>
<!DOCTYPE html PUBLIC "-//W3C//DTD XHTML 1.0 Transitional//EN"
    "http://www.w3.org/TR/xhtml1/DTD/xhtml1-transitional.dtd">
<html xmlns="http://www.w3.org/1999/xhtml" xml:lang="en" lang="en">
 <head>
  <title>
</title>
<meta http-equiv="Content-Type" content="text/html;charset=utf-8" />
  <meta name='ocr-system' content='tesseract 3.04.00' />
  <meta name='ocr-capabilities' content='ocr_page ocr_carea ocr_par ocr_line ocrx_word'/>
</head>
<body>
  <div class='ocr_page' id='page_1' title='image "./marcellidemedic01helmgoog_0179.png"; bbox 0 0 2438 3802; ppageno 0'>
   <div class='ocr_carea' id='block_1_1' title="bbox 512 113 750 178">
    <p class='ocr_par' dir='ltr' id='par_1_1' title="bbox 512 113 750 178">
     <span class='ocr_line' id='line_1_1' title="bbox 512 113 750 178; baseline 0.004 -1"><span class='ocrx_word' id='word_1_1' title='bbox 512 113 750 178; x_wconf 77' lang='grc'>-168-</span> 
     </span>
    </p>
   </div>
   <div class='ocr_carea' id='block_1_2' title="bbox 122 273 1138 355">
    <p class='ocr_par' dir='ltr' id='par_1_2' title="bbox 122 273 1138 355">
     <span class='ocr_line' id='line_1_2' title="bbox 122 273 1138 355; baseline -0.003 -17"><span class='ocrx_word' id='word_1_2' title='bbox 122 275 301 339; x_wconf 87' lang='lat' dir='ltr'>carbonibus</span> <span class='ocrx_word' id='word_1_3' title='bbox 324 277 491 355; x_wconf 91' lang='lat' dir='ltr'>positorum</span> <span class='ocrx_word' id='word_1_4' title='bbox 514 275 614 337; x_wconf 84' lang='lat' dir='ltr'>sumus</span> <span class='ocrx_word' id='word_1_5' title='bbox 638 274 770 336; x_wconf 90' lang='lat' dir='ltr'>remedio</span> <span class='ocrx_word' id='word_1_6' title='bbox 795 283 849 355; x_wconf 91' lang='lat' dir='ltr'>est,</span> <span class='ocrx_word' id='word_1_7' title='bbox 873 276 898 334; x_wconf 89' lang='lat' dir='ltr'>si</span> <span class='ocrx_word' id='word_1_8' title='bbox 921 292 973 334; x_wconf 91' lang='lat' dir='ltr'>ore</span> <span class='ocrx_word' id='word_1_9' title='bbox 992 273 1088 334; x_wconf 92' lang='lat' dir='ltr'>hianti</span> <span class='ocrx_word' id='word_1_10' title='bbox 1107 282 1138 335; x_wconf 90' lang='lat' dir='ltr'>et</span> 
     </span>
    </p>
   </div>
   <div class='ocr_carea' id='block_1_3' title="bbox 67 361 1179 3279">
    <p class='ocr_par' dir='ltr' id='par_1_3' title="bbox 122 361 1137 446">
     <span class='ocr_line' id='line_1_3' title="bbox 122 361 1137 446; baseline -0.002 -20"><span class='ocrx_word' id='word_1_11' title='bbox 122 365 257 427; x_wconf 85' lang='lat' dir='ltr'>faucibus</span> <span class='ocrx_word' id='word_1_12' title='bbox 281 366 392 444; x_wconf 89' lang='lat' dir='ltr'>apertis</span> <span class='ocrx_word' id='word_1_13' title='bbox 415 366 594 446; x_wconf 69' lang='lat' dir='ltr'>excipiatur,</span> <span class='ocrx_word' id='word_1_14' title='bbox 618 365 675 425; x_wconf 91' lang='lat' dir='ltr'>eici</span> <span class='ocrx_word' id='word_1_15' title='bbox 698 365 777 424; x_wconf 90' lang='lat' dir='ltr'>enim</span> <span class='ocrx_word' id='word_1_16' title='bbox 801 371 831 424; x_wconf 90' lang='lat' dir='ltr'>et</span> <span class='ocrx_word' id='word_1_17' title='bbox 854 361 962 441; x_wconf 79' lang='lat' dir='ltr'>expelli</span> <span class='ocrx_word' id='word_1_18' title='bbox 979 361 1137 424; x_wconf 90' lang='lat' dir='ltr'>devoratas</span> 
     </span>
    </p>

    <p class='ocr_par' dir='ltr' id='par_1_4' title="bbox 67 452 1167 799">
     <span class='ocr_line' id='line_1_4' title="bbox 67 452 1138 535; baseline -0.005 -19"><span class='ocrx_word' id='word_1_19' title='bbox 67 467 103 517; x_wconf 77' lang='grc'>99</span> <span class='ocrx_word' id='word_1_20' title='bbox 123 457 317 535; x_wconf 81' lang='lat' dir='ltr'>sanguisugas</span> <span class='ocrx_word' id='word_1_21' title='bbox 339 453 395 514; x_wconf 91' lang='lat' dir='ltr'>hac</span> <span class='ocrx_word' id='word_1_22' title='bbox 419 455 534 514; x_wconf 93' lang='lat' dir='ltr'>ratione</span> <span class='ocrx_word' id='word_1_23' title='bbox 558 455 759 514; x_wconf 89' lang='lat' dir='ltr'>certissimum</span> <span class='ocrx_word' id='word_1_24' title='bbox 782 459 835 512; x_wconf 90' lang='lat' dir='ltr'>est</span> <span class='ocrx_word' id='word_1_25' title='bbox 874 452 909 511; x_wconf 96' lang='lat' dir='ltr'>ln</span> <span class='ocrx_word' id='word_1_26' title='bbox 927 469 962 512; x_wconf 93' lang='lat' dir='ltr'>eo</span> <span class='ocrx_word' id='word_1_27' title='bbox 986 458 1081 532; x_wconf 91' lang='lat' dir='ltr'>aceto,</span> <span class='ocrx_word' id='word_1_28' title='bbox 1105 454 1138 512; x_wconf 94' lang='lat' dir='ltr'>in</span> 
     </span>
     <span class='ocr_line' id='line_1_5' title="bbox 124 539 1138 624; baseline -0.005 -19"><span class='ocrx_word' id='word_1_29' title='bbox 124 563 182 623; x_wconf 90' lang='lat' dir='ltr'>quo</span> <span class='ocrx_word' id='word_1_30' title='bbox 205 546 290 624; x_wconf 92' lang='lat' dir='ltr'>prius</span> <span class='ocrx_word' id='word_1_31' title='bbox 314 543 427 603; x_wconf 83' lang='lat' dir='ltr'>serrum</span> <span class='ocrx_word' id='word_1_32' title='bbox 451 541 568 601; x_wconf 80' lang='lat' dir='ltr'>ferrens</span> <span class='ocrx_word' id='word_1_33' title='bbox 593 543 632 619; x_wconf 89' lang='lat' dir='ltr'>sit</span> <span class='ocrx_word' id='word_1_34' title='bbox 650 543 824 622; x_wconf 85' lang='lat' dir='ltr'>extinctum,</span> <span class='ocrx_word' id='word_1_35' title='bbox 849 539 989 620; x_wconf 81' lang='lat' dir='ltr'><strong>butyrum</strong></span> <span class='ocrx_word' id='word_1_36' title='bbox 1009 541 1138 600; x_wconf 90' lang='lat' dir='ltr'>missum</span> 
     </span>
     <span class='ocr_line' id='line_1_6' title="bbox 123 627 1167 710; baseline -0.007 -16"><span class='ocrx_word' id='word_1_37' title='bbox 123 643 152 696; x_wconf 92' lang='lat' dir='ltr'>et</span> <span class='ocrx_word' id='word_1_38' title='bbox 176 632 350 693; x_wconf 84' lang='lat' dir='ltr'>calefactum</span> <span class='ocrx_word' id='word_1_39' title='bbox 372 629 515 709; x_wconf 90' lang='lat' dir='ltr'>paulatim</span> <span class='ocrx_word' id='word_1_40' title='bbox 539 631 565 689; x_wconf 93' lang='lat' dir='ltr'>si</span> <span class='ocrx_word' id='word_1_41' title='bbox 587 628 791 710; x_wconf 77' lang='lat' dir='ltr'>absorbeatur,</span> <span class='ocrx_word' id='word_1_42' title='bbox 815 631 903 689; x_wconf 89' lang='lat' dir='ltr'>eiciet</span> <span class='ocrx_word' id='word_1_43' title='bbox 925 629 962 689; x_wconf 97' lang='lat' dir='ltr'>de</span> <span class='ocrx_word' id='word_1_44' title='bbox 982 627 1167 689; x_wconf 74' lang='lat' dir='ltr'>stomachos</span> 
     </span>
     <span class='ocr_line' id='line_1_7' title="bbox 122 723 325 799; baseline -0.015 -18"><span class='ocrx_word' id='word_1_45' title='bbox 122 723 325 799; x_wconf 84' lang='lat' dir='ltr'>sanguisugas.</span> 
     </span>
    </p>

    <p class='ocr_par' dir='ltr' id='par_1_5' title="bbox 68 799 1178 1152">
     <span class='ocr_line' id='line_1_8' title="bbox 68 799 1140 885; baseline -0.004 -15"><span class='ocrx_word' id='word_1_46' title='bbox 68 820 102 870; x_wconf 77' lang='lat' dir='ltr'>et</span> <span class='ocrx_word' id='word_1_47' title='bbox 211 808 255 867; x_wconf 85' lang='lat' dir='ltr'>Ad</span> <span class='ocrx_word' id='word_1_48' title='bbox 271 799 576 884; x_wconf 90' lang='lat' dir='ltr'>stridorem&#39;pectoris</span> <span class='ocrx_word' id='word_1_49' title='bbox 590 807 799 885; x_wconf 91' lang='lat' dir='ltr'>deponendum</span> <span class='ocrx_word' id='word_1_50' title='bbox 815 807 931 884; x_wconf 80' lang='lat' dir='ltr'>senapis</span> <span class='ocrx_word' id='word_1_51' title='bbox 946 807 1058 884; x_wconf 91' lang='lat' dir='ltr'>optime</span> <span class='ocrx_word' id='word_1_52' title='bbox 1073 807 1140 866; x_wconf 90' lang='lat' dir='ltr'>triti</span> 
     </span>
     <span class='ocr_line' id='line_1_9' title="bbox 123 893 1139 975; baseline -0.001 -18"><span class='ocrx_word' id='word_1_53' title='bbox 123 895 243 975; x_wconf 80' lang='lat' dir='ltr'>cyathos</span> <span class='ocrx_word' id='word_1_54' title='bbox 272 895 347 954; x_wconf 94' lang='lat' dir='ltr'>duos</span> <span class='ocrx_word' id='word_1_55' title='bbox 375 902 405 954; x_wconf 92' lang='lat' dir='ltr'>et</span> <span class='ocrx_word' id='word_1_56' title='bbox 431 894 526 955; x_wconf 92' lang='lat' dir='ltr'>mellis</span> <span class='ocrx_word' id='word_1_57' title='bbox 550 897 655 974; x_wconf 95' lang='lat' dir='ltr'>optimi</span> <span class='ocrx_word' id='word_1_58' title='bbox 678 895 846 974; x_wconf 85' lang='lat' dir='ltr'>despumati</span> <span class='ocrx_word' id='word_1_59' title='bbox 869 893 1007 974; x_wconf 80' lang='lat' dir='ltr'>cyathum</span> <span class='ocrx_word' id='word_1_60' title='bbox 1030 896 1139 956; x_wconf 91' lang='lat' dir='ltr'>misce·</span> 
     </span>
     <span class='ocr_line' id='line_1_10' title="bbox 121 982 1139 1063; baseline -0.001 -19"><span class='ocrx_word' id='word_1_61' title='bbox 121 984 168 1044; x_wconf 92' lang='lat' dir='ltr'>bis</span> <span class='ocrx_word' id='word_1_62' title='bbox 192 991 223 1044; x_wconf 88' lang='lat' dir='ltr'>et</span> <span class='ocrx_word' id='word_1_63' title='bbox 245 984 364 1044; x_wconf 91' lang='lat' dir='ltr'>ieiunus</span> <span class='ocrx_word' id='word_1_64' title='bbox 388 982 436 1043; x_wconf 93' lang='lat' dir='ltr'>die</span> <span class='ocrx_word' id='word_1_65' title='bbox 460 983 554 1044; x_wconf 92' lang='lat' dir='ltr'>calido</span> <span class='ocrx_word' id='word_1_66' title='bbox 582 991 634 1044; x_wconf 93' lang='lat' dir='ltr'>aut</span> <span class='ocrx_word' id='word_1_67' title='bbox 660 986 691 1045; x_wconf 92' lang='grc'>19</span> <span class='ocrx_word' id='word_1_68' title='bbox 719 984 784 1044; x_wconf 89' lang='grc'>1999</span> <span class='ocrx_word' id='word_1_69' title='bbox 813 982 913 1063; x_wconf 92' lang='lat' dir='ltr'>tepido</span> <span class='ocrx_word' id='word_1_70' title='bbox 937 982 1139 1062; x_wconf 89' lang='lat' dir='ltr'>gargarizabis</span> 
     </span>
     <span class='ocr_line' id='line_1_11' title="bbox 122 1071 1178 1152; baseline -0.007 -19"><span class='ocrx_word' id='word_1_71' title='bbox 122 1080 153 1133; x_wconf 93' lang='lat' dir='ltr'>et</span> <span class='ocrx_word' id='word_1_72' title='bbox 177 1074 256 1133; x_wconf 90' lang='lat' dir='ltr'>sines</span> <span class='ocrx_word' id='word_1_73' title='bbox 279 1074 468 1152; x_wconf 92' lang='lat' dir='ltr'>patentiore</span> <span class='ocrx_word' id='word_1_74' title='bbox 492 1090 627 1132; x_wconf 93' lang='lat' dir='ltr'>umorem</span> <span class='ocrx_word' id='word_1_75' title='bbox 649 1071 820 1133; x_wconf 81' lang='lat' dir='ltr'>decurrere.</span> <span class='ocrx_word' id='word_1_76' title='bbox 1153 1087 1178 1127; x_wconf 91' lang='lat' dir='ltr'>1o</span> 
     </span>
    </p>

    <p class='ocr_par' dir='ltr' id='par_1_6' title="bbox 69 1159 1139 1330">
     <span class='ocr_line' id='line_1_12' title="bbox 69 1159 1139 1242; baseline -0.002 -20"><span class='ocrx_word' id='word_1_77' title='bbox 69 1173 103 1222; x_wconf 85' lang='grc'>98</span> <span class='ocrx_word' id='word_1_78' title='bbox 211 1160 255 1221; x_wconf 90' lang='grc' dir='ltr'>Ν9</span> <span class='ocrx_word' id='word_1_79' title='bbox 278 1161 375 1221; x_wconf 90' lang='lat' dir='ltr'>media</span> <span class='ocrx_word' id='word_1_80' title='bbox 399 1160 530 1242; x_wconf 91' lang='lat' dir='ltr'>doleant,</span> <span class='ocrx_word' id='word_1_81' title='bbox 557 1160 626 1221; x_wconf 87' lang='lat' dir='ltr'>luna</span> <span class='ocrx_word' id='word_1_82' title='bbox 654 1162 779 1240; x_wconf 91' lang='lat' dir='ltr'>septima</span> <span class='ocrx_word' id='word_1_83' title='bbox 807 1161 921 1220; x_wconf 93' lang='lat' dir='ltr'>decima</span> <span class='ocrx_word' id='word_1_84' title='bbox 945 1177 1065 1238; x_wconf 90' lang='lat' dir='ltr'>semper</span> <span class='ocrx_word' id='word_1_85' title='bbox 1089 1159 1139 1220; x_wconf 93' lang='lat' dir='ltr'>alii</span> 
     </span>
     <span class='ocr_line' id='line_1_13' title="bbox 122 1247 1069 1330; baseline -0.003 -19"><span class='ocrx_word' id='word_1_86' title='bbox 122 1252 234 1312; x_wconf 91' lang='lat' dir='ltr'>incocti</span> <span class='ocrx_word' id='word_1_87' title='bbox 256 1258 341 1311; x_wconf 89' lang='lat' dir='ltr'>terna</span> <span class='ocrx_word' id='word_1_88' title='bbox 365 1268 456 1328; x_wconf 88' lang='lat' dir='ltr'>grana</span> <span class='ocrx_word' id='word_1_89' title='bbox 477 1259 602 1330; x_wconf 86' lang='lat' dir='ltr'>purgata</span> <span class='ocrx_word' id='word_1_90' title='bbox 625 1248 805 1330; x_wconf 87' lang='lat' dir='ltr'>transglutti,</span> <span class='ocrx_word' id='word_1_91' title='bbox 827 1250 903 1309; x_wconf 92' lang='lat' dir='ltr'>mire</span> <span class='ocrx_word' id='word_1_92' title='bbox 926 1247 1069 1327; x_wconf 90' lang='lat' dir='ltr'>proderit.</span> 
     </span>
    </p>

    <p class='ocr_par' dir='ltr' id='par_1_7' title="bbox 69 1337 1178 1596">
     <span class='ocr_line' id='line_1_14' title="bbox 69 1337 1138 1417; baseline -0.001 -18"><span class='ocrx_word' id='word_1_93' title='bbox 69 1350 102 1399; x_wconf 84' lang='lat'>99</span> <span class='ocrx_word' id='word_1_94' title='bbox 212 1339 371 1400; x_wconf 85' lang='lat' dir='ltr'>Corallium</span> <span class='ocrx_word' id='word_1_95' title='bbox 398 1341 502 1400; x_wconf 92' lang='lat' dir='ltr'>tritum</span> <span class='ocrx_word' id='word_1_96' title='bbox 531 1357 566 1399; x_wconf 81' lang='lat' dir='ltr'>ex</span> <span class='ocrx_word' id='word_1_97' title='bbox 595 1356 671 1417; x_wconf 88' lang='lat' dir='ltr'>aqua</span> <span class='ocrx_word' id='word_1_98' title='bbox 698 1338 783 1416; x_wconf 94' lang='lat' dir='ltr'>potui</span> <span class='ocrx_word' id='word_1_99' title='bbox 811 1337 912 1398; x_wconf 91' lang='lat' dir='ltr'>datum</span> <span class='ocrx_word' id='word_1_100' title='bbox 942 1338 1138 1398; x_wconf 90' lang='lat' dir='ltr'>reiectionem</span> 
     </span>
     <span class='ocr_line' id='line_1_15' title="bbox 122 1425 1138 1508; baseline -0.003 -19"><span class='ocrx_word' id='word_1_101' title='bbox 122 1430 275 1508; x_wconf 87' lang='lat' dir='ltr'>sanguinis</span> <span class='ocrx_word' id='word_1_102' title='bbox 294 1430 444 1508; x_wconf 81' lang='lat' dir='ltr'>reprimit3</span> <span class='ocrx_word' id='word_1_103' title='bbox 463 1429 512 1487; x_wconf 93' lang='lat' dir='ltr'>cni</span> <span class='ocrx_word' id='word_1_104' title='bbox 530 1428 575 1487; x_wconf 92' lang='lat' dir='ltr'>rei</span> <span class='ocrx_word' id='word_1_105' title='bbox 594 1434 623 1486; x_wconf 94' lang='lat' dir='ltr'>et</span> <span class='ocrx_word' id='word_1_106' title='bbox 637 1434 792 1487; x_wconf 87' lang='lat' dir='ltr'>castaneae</span> <span class='ocrx_word' id='word_1_107' title='bbox 807 1425 974 1505; x_wconf 90' lang='lat' dir='ltr'>medentur,</span> <span class='ocrx_word' id='word_1_108' title='bbox 993 1427 1019 1485; x_wconf 88' lang='lat' dir='ltr'>si</span> <span class='ocrx_word' id='word_1_109' title='bbox 1034 1435 1138 1486; x_wconf 92' lang='lat' dir='ltr'>coctae</span> 
     </span>
     <span class='ocr_line' id='line_1_16' title="bbox 122 1514 1178 1596; baseline -0.007 -19"><span class='ocrx_word' id='word_1_110' title='bbox 122 1535 210 1596; x_wconf 88' lang='lat' dir='ltr'>quam</span> <span class='ocrx_word' id='word_1_111' title='bbox 234 1517 379 1595; x_wconf 91' lang='lat' dir='ltr'>plurimae</span> <span class='ocrx_word' id='word_1_112' title='bbox 403 1514 628 1575; x_wconf 89' lang='lat' dir='ltr'>manducentur.</span> <span class='ocrx_word' id='word_1_113' title='bbox 1153 1529 1178 1570; x_wconf 80' lang='lat'>15</span> 
     </span>
    </p>

    <p class='ocr_par' dir='ltr' id='par_1_8' title="bbox 70 1601 1178 2040">
     <span class='ocr_line' id='line_1_17' title="bbox 70 1601 1139 1681; baseline 0 -17"><span class='ocrx_word' id='word_1_114' title='bbox 70 1616 120 1666; x_wconf 93' lang='grc'>199</span> <span class='ocrx_word' id='word_1_115' title='bbox 210 1605 255 1665; x_wconf 85' lang='lat' dir='ltr'>Ad</span> <span class='ocrx_word' id='word_1_116' title='bbox 274 1612 387 1664; x_wconf 89' lang='lat' dir='ltr'>tussem</span> <span class='ocrx_word' id='word_1_117' title='bbox 403 1602 568 1663; x_wconf 89' lang='lat' dir='ltr'>Vindiciani</span> <span class='ocrx_word' id='word_1_118' title='bbox 584 1602 693 1663; x_wconf 91' lang='lat' dir='ltr'>medici</span> <span class='ocrx_word' id='word_1_119' title='bbox 707 1602 872 1663; x_wconf 91' lang='lat' dir='ltr'>remedium</span> <span class='ocrx_word' id='word_1_120' title='bbox 887 1601 1051 1681; x_wconf 88' lang='lat' dir='ltr'>singulare:</span> <span class='ocrx_word' id='word_1_121' title='bbox 1071 1603 1139 1664; x_wconf 91' lang='lat' dir='ltr'>Sul·</span> 
     </span>
     <span class='ocr_line' id='line_1_18' title="bbox 122 1690 1138 1772; baseline -0.002 -18"><span class='ocrx_word' id='word_1_122' title='bbox 122 1712 180 1772; x_wconf 91' lang='lat' dir='ltr'>pur</span> <span class='ocrx_word' id='word_1_123' title='bbox 203 1697 301 1754; x_wconf 83' lang='lat' dir='ltr'>virum</span> <span class='ocrx_word' id='word_1_124' title='bbox 324 1700 404 1752; x_wconf 91' lang='lat' dir='ltr'>teres</span> <span class='ocrx_word' id='word_1_125' title='bbox 429 1699 458 1752; x_wconf 89' lang='lat' dir='ltr'>et</span> <span class='ocrx_word' id='word_1_126' title='bbox 476 1690 607 1751; x_wconf 89' lang='lat' dir='ltr'>involves</span> <span class='ocrx_word' id='word_1_127' title='bbox 631 1690 668 1751; x_wconf 95' lang='lat' dir='ltr'>de</span> <span class='ocrx_word' id='word_1_128' title='bbox 687 1693 814 1770; x_wconf 85' lang='lat' dir='ltr'>axungia</span> <span class='ocrx_word' id='word_1_129' title='bbox 832 1693 916 1769; x_wconf 92' lang='lat' dir='ltr'>porci</span> <span class='ocrx_word' id='word_1_130' title='bbox 934 1693 1138 1752; x_wconf 85' lang='lat' dir='ltr'>vetustissima</span> 
     </span>
     <span class='ocr_line' id='line_1_19' title="bbox 122 1778 1137 1863; baseline 0 -22"><span class='ocrx_word' id='word_1_131' title='bbox 122 1789 152 1842; x_wconf 93' lang='lat' dir='ltr'>et</span> <span class='ocrx_word' id='word_1_132' title='bbox 171 1781 264 1863; x_wconf 92' lang='lat' dir='ltr'>dabis,</span> <span class='ocrx_word' id='word_1_133' title='bbox 283 1789 317 1842; x_wconf 94' lang='lat' dir='ltr'>ut</span> <span class='ocrx_word' id='word_1_134' title='bbox 335 1780 538 1859; x_wconf 87' lang='lat' dir='ltr'>transgluttiat</span> <span class='ocrx_word' id='word_1_135' title='bbox 558 1787 621 1839; x_wconf 92' lang='lat' dir='ltr'>tres</span> <span class='ocrx_word' id='word_1_136' title='bbox 638 1778 746 1858; x_wconf 88' lang='lat' dir='ltr'>pilulas</span> <span class='ocrx_word' id='word_1_137' title='bbox 764 1781 860 1858; x_wconf 90' lang='lat' dir='ltr'>prima</span> <span class='ocrx_word' id='word_1_138' title='bbox 875 1779 932 1858; x_wconf 91' lang='lat' dir='ltr'>die,</span> <span class='ocrx_word' id='word_1_139' title='bbox 952 1780 1082 1840; x_wconf 91' lang='lat' dir='ltr'>secunda</span> <span class='ocrx_word' id='word_1_140' title='bbox 1101 1781 1137 1862; x_wconf 88' lang='lat' dir='ltr'>ss,</span> 
     </span>
     <span class='ocr_line' id='line_1_20' title="bbox 121 1867 1137 1950; baseline 0 -20"><span class='ocrx_word' id='word_1_141' title='bbox 121 1872 210 1930; x_wconf 90' lang='lat' dir='ltr'>tertia</span> <span class='ocrx_word' id='word_1_142' title='bbox 238 1869 264 1950; x_wconf 88' lang='lat' dir='ltr'>l;</span> <span class='ocrx_word' id='word_1_143' title='bbox 292 1869 366 1930; x_wconf 91' lang='lat' dir='ltr'>tales</span> <span class='ocrx_word' id='word_1_144' title='bbox 394 1877 493 1930; x_wconf 91' lang='lat' dir='ltr'>autem</span> <span class='ocrx_word' id='word_1_145' title='bbox 520 1867 628 1948; x_wconf 91' lang='lat' dir='ltr'>pilulae</span> <span class='ocrx_word' id='word_1_146' title='bbox 657 1876 760 1949; x_wconf 92' lang='lat' dir='ltr'>erunt,</span> <span class='ocrx_word' id='word_1_147' title='bbox 788 1876 823 1928; x_wconf 93' lang='lat' dir='ltr'>ut</span> <span class='ocrx_word' id='word_1_148' title='bbox 846 1867 931 1928; x_wconf 85' lang='lat' dir='ltr'>facile</span> <span class='ocrx_word' id='word_1_149' title='bbox 954 1873 1137 1930; x_wconf 84' lang='lat' dir='ltr'>transvorari</span> 
     </span>
     <span class='ocr_line' id='line_1_21' title="bbox 122 1956 1178 2040; baseline -0.005 -23"><span class='ocrx_word' id='word_1_150' title='bbox 122 1960 251 2040; x_wconf 81' lang='lat' dir='ltr'>possint3</span> <span class='ocrx_word' id='word_1_151' title='bbox 278 1959 336 2018; x_wconf 92' lang='lat' dir='ltr'>hoc</span> <span class='ocrx_word' id='word_1_152' title='bbox 363 1957 529 2019; x_wconf 90' lang='lat' dir='ltr'>remedium</span> <span class='ocrx_word' id='word_1_153' title='bbox 557 1959 646 2019; x_wconf 88' lang='lat' dir='ltr'>etiam</span> <span class='ocrx_word' id='word_1_154' title='bbox 675 1959 760 2036; x_wconf 89' lang='lat' dir='ltr'>equis</span> <span class='ocrx_word' id='word_1_155' title='bbox 784 1956 981 2018; x_wconf 88' lang='lat' dir='ltr'>tussientibus</span> <span class='ocrx_word' id='word_1_156' title='bbox 1004 1957 1136 2036; x_wconf 92' lang='lat' dir='ltr'>prodest.</span> <span class='ocrx_word' id='word_1_157' title='bbox 1151 1972 1178 2012; x_wconf 79' lang='lat' dir='ltr'>so</span> 
     </span>
    </p>

    <p class='ocr_par' dir='ltr' id='par_1_9' title="bbox 71 2044 1179 2565">
     <span class='ocr_line' id='line_1_22' title="bbox 71 2044 1139 2127; baseline 0.002 -23"><span class='ocrx_word' id='word_1_158' title='bbox 71 2046 172 2107; x_wconf 79' lang='lat' dir='ltr'>101dd</span> <span class='ocrx_word' id='word_1_159' title='bbox 197 2055 310 2108; x_wconf 92' lang='lat' dir='ltr'>tussem</span> <span class='ocrx_word' id='word_1_160' title='bbox 334 2048 501 2108; x_wconf 92' lang='lat' dir='ltr'>remedium</span> <span class='ocrx_word' id='word_1_161' title='bbox 524 2047 641 2107; x_wconf 82' lang='lat' dir='ltr'>efficax:</span> <span class='ocrx_word' id='word_1_162' title='bbox 668 2045 780 2127; x_wconf 85' lang='lat' dir='ltr'>Herba,</span> <span class='ocrx_word' id='word_1_163' title='bbox 806 2064 881 2124; x_wconf 90' lang='lat' dir='ltr'>quae</span> <span class='ocrx_word' id='word_1_164' title='bbox 905 2044 1014 2105; x_wconf 88' lang='lat' dir='ltr'>Gallice</span> <span class='ocrx_word' id='word_1_165' title='bbox 1039 2045 1139 2106; x_wconf 91' lang='lat' dir='ltr'>callio·</span> 
     </span>
     <span class='ocr_line' id='line_1_23' title="bbox 123 2133 1138 2218; baseline 0 -23"><span class='ocrx_word' id='word_1_166' title='bbox 123 2154 257 2218; x_wconf 86' lang='lat' dir='ltr'>marcus,</span> <span class='ocrx_word' id='word_1_167' title='bbox 285 2135 389 2196; x_wconf 90' lang='lat' dir='ltr'>Latine</span> <span class='ocrx_word' id='word_1_168' title='bbox 413 2138 482 2214; x_wconf 92' lang='lat' dir='ltr'>equi</span> <span class='ocrx_word' id='word_1_169' title='bbox 506 2135 616 2214; x_wconf 89' lang='lat' dir='ltr'>ungula</span> <span class='ocrx_word' id='word_1_170' title='bbox 640 2143 776 2215; x_wconf 91' lang='lat' dir='ltr'>vocatur,</span> <span class='ocrx_word' id='word_1_171' title='bbox 799 2133 921 2194; x_wconf 89' lang='lat' dir='ltr'>collecta</span> <span class='ocrx_word' id='word_1_172' title='bbox 944 2133 1013 2193; x_wconf 92' lang='lat' dir='ltr'>luna</span> <span class='ocrx_word' id='word_1_173' title='bbox 1037 2143 1138 2196; x_wconf 89' lang='lat' dir='ltr'>vetere</span> 
     </span>
     <span class='ocr_line' id='line_1_24' title="bbox 124 2222 1139 2301; baseline 0.002 -18"><span class='ocrx_word' id='word_1_174' title='bbox 124 2223 225 2285; x_wconf 92' lang='lat' dir='ltr'>liduua</span> <span class='ocrx_word' id='word_1_175' title='bbox 258 2224 305 2284; x_wconf 92' lang='lat' dir='ltr'>die</span> <span class='ocrx_word' id='word_1_176' title='bbox 332 2224 409 2283; x_wconf 90' lang='lat' dir='ltr'>lovis</span> <span class='ocrx_word' id='word_1_177' title='bbox 442 2225 550 2284; x_wconf 90' lang='lat' dir='ltr'>siccata</span> <span class='ocrx_word' id='word_1_178' title='bbox 578 2225 662 2301; x_wconf 89' lang='lat' dir='ltr'>prius</span> <span class='ocrx_word' id='word_1_179' title='bbox 689 2224 721 2282; x_wconf 93' lang='lat' dir='ltr'>in</span> <span class='ocrx_word' id='word_1_180' title='bbox 749 2222 836 2284; x_wconf 91' lang='lat' dir='ltr'>ollam</span> <span class='ocrx_word' id='word_1_181' title='bbox 870 2240 975 2282; x_wconf 92' lang='lat' dir='ltr'>novam</span> <span class='ocrx_word' id='word_1_182' title='bbox 1008 2224 1139 2285; x_wconf 91' lang='lat' dir='ltr'>mittitur</span> 
     </span>
     <span class='ocr_line' id='line_1_25' title="bbox 124 2309 1138 2394; baseline 0.003 -24"><span class='ocrx_word' id='word_1_183' title='bbox 124 2329 192 2371; x_wconf 89' lang='lat' dir='ltr'>curn</span> <span class='ocrx_word' id='word_1_184' title='bbox 220 2313 327 2391; x_wconf 90' lang='lat' dir='ltr'>prunis</span> <span class='ocrx_word' id='word_1_185' title='bbox 355 2310 543 2391; x_wconf 88' lang='lat' dir='ltr'>ardentibus,</span> <span class='ocrx_word' id='word_1_186' title='bbox 576 2328 651 2389; x_wconf 92' lang='lat' dir='ltr'>quae</span> <span class='ocrx_word' id='word_1_187' title='bbox 684 2312 761 2370; x_wconf 92' lang='lat' dir='ltr'>intra</span> <span class='ocrx_word' id='word_1_188' title='bbox 791 2309 877 2370; x_wconf 90' lang='lat' dir='ltr'>ollam</span> <span class='ocrx_word' id='word_1_189' title='bbox 909 2312 987 2371; x_wconf 91' lang='lat' dir='ltr'>mitti</span> <span class='ocrx_word' id='word_1_190' title='bbox 1015 2310 1138 2394; x_wconf 87' lang='lat' dir='ltr'>debeut;</span> 
     </span>
     <span class='ocr_line' id='line_1_26' title="bbox 125 2396 1179 2477; baseline 0.005 -21"><span class='ocrx_word' id='word_1_191' title='bbox 125 2400 299 2477; x_wconf 86' lang='lat' dir='ltr'>superficies</span> <span class='ocrx_word' id='word_1_192' title='bbox 322 2416 393 2458; x_wconf 90' lang='lat' dir='ltr'>sane</span> <span class='ocrx_word' id='word_1_193' title='bbox 417 2399 482 2457; x_wconf 92' lang='lat' dir='ltr'>eins</span> <span class='ocrx_word' id='word_1_194' title='bbox 506 2396 608 2475; x_wconf 89' lang='lat' dir='ltr'>argilla</span> <span class='ocrx_word' id='word_1_195' title='bbox 632 2397 789 2476; x_wconf 87' lang='lat' dir='ltr'>diligenter</span> <span class='ocrx_word' id='word_1_196' title='bbox 812 2398 911 2459; x_wconf 90' lang='lat' dir='ltr'>claudi</span> <span class='ocrx_word' id='word_1_197' title='bbox 929 2399 1018 2460; x_wconf 91' lang='lat' dir='ltr'>dehet</span> <span class='ocrx_word' id='word_1_198' title='bbox 1041 2409 1071 2460; x_wconf 89' lang='lat' dir='ltr'>et</span> <span class='ocrx_word' id='word_1_199' title='bbox 1090 2419 1136 2461; x_wconf 86' lang='lat' dir='ltr'>ca·</span> <span class='ocrx_word' id='word_1_200' title='bbox 1152 2413 1179 2454; x_wconf 78' lang='lat'>2⁵</span> 
     </span>
     <span class='ocr_line' id='line_1_27' title="bbox 125 2485 1139 2565; baseline 0.007 -22"><span class='ocrx_word' id='word_1_201' title='bbox 125 2485 220 2546; x_wconf 89' lang='lat' dir='ltr'>lamus</span> <span class='ocrx_word' id='word_1_202' title='bbox 243 2488 349 2565; x_wconf 83' lang='lat' dir='ltr'>inseri,</span> <span class='ocrx_word' id='word_1_203' title='bbox 372 2503 427 2564; x_wconf 94' lang='lat' dir='ltr'>per</span> <span class='ocrx_word' id='word_1_204' title='bbox 451 2503 540 2564; x_wconf 92' lang='lat' dir='ltr'>quem</span> <span class='ocrx_word' id='word_1_205' title='bbox 562 2503 650 2545; x_wconf 91' lang='lat' dir='ltr'>umor</span> <span class='ocrx_word' id='word_1_206' title='bbox 673 2485 719 2545; x_wconf 84' lang='lat' dir='ltr'>rel</span> <span class='ocrx_word' id='word_1_207' title='bbox 739 2486 838 2547; x_wconf 82' lang='lat' dir='ltr'>sumus</span> <span class='ocrx_word' id='word_1_208' title='bbox 858 2487 965 2547; x_wconf 90' lang='lat' dir='ltr'>caloris</span> <span class='ocrx_word' id='word_1_209' title='bbox 983 2487 1139 2550; x_wconf 86' lang='lat' dir='ltr'>hauriatur</span> 
     </span>
    </p>

    <p class='ocr_par' dir='ltr' id='par_1_10' title="bbox 72 2573 1179 3009">
     <span class='ocr_line' id='line_1_28' title="bbox 72 2573 1138 2656; baseline 0.007 -25"><span class='ocrx_word' id='word_1_210' title='bbox 72 2575 207 2633; x_wconf 78' lang='lat' dir='ltr'>102intra</span> <span class='ocrx_word' id='word_1_211' title='bbox 227 2592 269 2656; x_wconf 91' lang='lat' dir='ltr'>os,</span> <span class='ocrx_word' id='word_1_212' title='bbox 288 2573 383 2635; x_wconf 91' lang='lat' dir='ltr'>donec</span> <span class='ocrx_word' id='word_1_213' title='bbox 402 2575 511 2633; x_wconf 89' lang='lat' dir='ltr'>arteria</span> <span class='ocrx_word' id='word_1_214' title='bbox 530 2574 628 2633; x_wconf 91' lang='lat' dir='ltr'>omnia</span> <span class='ocrx_word' id='word_1_215' title='bbox 643 2581 673 2634; x_wconf 92' lang='lat' dir='ltr'>et</span> <span class='ocrx_word' id='word_1_216' title='bbox 688 2574 872 2635; x_wconf 89' lang='lat' dir='ltr'>stomachum</span> <span class='ocrx_word' id='word_1_217' title='bbox 887 2585 1032 2654; x_wconf 87' lang='lat' dir='ltr'>penetret.</span> <span class='ocrx_word' id='word_1_218' title='bbox 1063 2577 1138 2638; x_wconf 86' lang='lat' dir='ltr'>Con·</span> 
     </span>
     <span class='ocr_line' id='line_1_29' title="bbox 125 2660 1139 2746; baseline 0.005 -25"><span class='ocrx_word' id='word_1_219' title='bbox 125 2664 232 2740; x_wconf 91' lang='lat' dir='ltr'>positio</span> <span class='ocrx_word' id='word_1_220' title='bbox 257 2661 293 2722; x_wconf 96' lang='lat' dir='ltr'>ad</span> <span class='ocrx_word' id='word_1_221' title='bbox 316 2669 443 2723; x_wconf 90' lang='lat' dir='ltr'>tussem:</span> <span class='ocrx_word' id='word_1_222' title='bbox 477 2660 572 2722; x_wconf 89' lang='lat' dir='ltr'>Mellis</span> <span class='ocrx_word' id='word_1_223' title='bbox 600 2661 767 2742; x_wconf 89' lang='lat' dir='ltr'>despumati</span> <span class='ocrx_word' id='word_1_224' title='bbox 790 2662 821 2724; x_wconf 92' lang='lat' dir='ltr'>P.</span> <span class='ocrx_word' id='word_1_225' title='bbox 840 2663 866 2746; x_wconf 94' lang='lat' dir='ltr'>l,</span> <span class='ocrx_word' id='word_1_226' title='bbox 894 2665 993 2724; x_wconf 93' lang='lat' dir='ltr'>anethi</span> <span class='ocrx_word' id='word_1_227' title='bbox 1016 2668 1139 2726; x_wconf 91' lang='lat' dir='ltr'>seminis</span> 
     </span>
     <span class='ocr_line' id='line_1_30' title="bbox 127 2749 1139 2832; baseline 0.004 -22"><span class='ocrx_word' id='word_1_228' title='bbox 127 2781 166 2794; x_wconf 90' lang='lat'><em>-</em></span> <span class='ocrx_word' id='word_1_229' title='bbox 188 2750 245 2832; x_wconf 96' lang='lat' dir='ltr'>lll,</span> <span class='ocrx_word' id='word_1_230' title='bbox 265 2752 378 2831; x_wconf 88' lang='lat' dir='ltr'>piperis</span> <span class='ocrx_word' id='word_1_231' title='bbox 401 2784 445 2795; x_wconf 93' lang='lat'>-</span> <span class='ocrx_word' id='word_1_232' title='bbox 463 2749 485 2812; x_wconf 91' lang='lat' dir='ltr'>l.</span> <span class='ocrx_word' id='word_1_233' title='bbox 530 2749 610 2812; x_wconf 87' lang='lat' dir='ltr'>llaec</span> <span class='ocrx_word' id='word_1_234' title='bbox 633 2751 858 2832; x_wconf 86' lang='lat' dir='ltr'>diligentissime</span> <span class='ocrx_word' id='word_1_235' title='bbox 881 2755 951 2813; x_wconf 89' lang='lat' dir='ltr'>trita</span> <span class='ocrx_word' id='word_1_236' title='bbox 975 2755 1139 2815; x_wconf 91' lang='lat' dir='ltr'>miscentur</span> 
     </span>
     <span class='ocr_line' id='line_1_31' title="bbox 125 2838 1179 2923; baseline -0.002 -24"><span class='ocrx_word' id='word_1_237' title='bbox 125 2838 219 2921; x_wconf 89' lang='lat' dir='ltr'>melli,</span> <span class='ocrx_word' id='word_1_238' title='bbox 247 2848 294 2923; x_wconf 91' lang='lat' dir='ltr'>ut,</span> <span class='ocrx_word' id='word_1_239' title='bbox 323 2858 391 2902; x_wconf 89' lang='lat' dir='ltr'>eum</span> <span class='ocrx_word' id='word_1_240' title='bbox 420 2859 493 2902; x_wconf 93' lang='lat' dir='ltr'>usus</span> <span class='ocrx_word' id='word_1_241' title='bbox 521 2841 668 2921; x_wconf 86' lang='lat' dir='ltr'>exegerit,</span> <span class='ocrx_word' id='word_1_242' title='bbox 697 2840 742 2902; x_wconf 90' lang='lat' dir='ltr'>bis</span> <span class='ocrx_word' id='word_1_243' title='bbox 765 2844 797 2903; x_wconf 91' lang='lat' dir='ltr'>iu</span> <span class='ocrx_word' id='word_1_244' title='bbox 821 2841 868 2902; x_wconf 92' lang='lat' dir='ltr'>die</span> <span class='ocrx_word' id='word_1_245' title='bbox 891 2849 976 2902; x_wconf 90' lang='lat' dir='ltr'>terna</span> <span class='ocrx_word' id='word_1_246' title='bbox 1000 2843 1138 2903; x_wconf 88' lang='lat' dir='ltr'>cocliaria</span> <span class='ocrx_word' id='word_1_247' title='bbox 1152 2857 1179 2898; x_wconf 84' lang='lat' dir='ltr'>oo</span> 
     </span>
     <span class='ocr_line' id='line_1_32' title="bbox 127 2929 605 3009; baseline 0.004 -20"><span class='ocrx_word' id='word_1_248' title='bbox 127 2931 179 3008; x_wconf 91' lang='lat' dir='ltr'>qui</span> <span class='ocrx_word' id='word_1_249' title='bbox 202 2932 280 2993; x_wconf 88' lang='lat' dir='ltr'>tussi</span> <span class='ocrx_word' id='word_1_250' title='bbox 302 2929 448 2991; x_wconf 90' lang='lat' dir='ltr'>laborabit</span> <span class='ocrx_word' id='word_1_251' title='bbox 470 2931 605 3009; x_wconf 91' lang='lat' dir='ltr'>accipiat.</span> 
     </span>
    </p>

    <p class='ocr_par' dir='ltr' id='par_1_11' title="bbox 73 3019 1139 3279">
     <span class='ocr_line' id='line_1_33' title="bbox 73 3019 1139 3100; baseline 0.004 -23"><span class='ocrx_word' id='word_1_252' title='bbox 73 3027 125 3078; x_wconf 85' lang='grc'>193</span> <span class='ocrx_word' id='word_1_253' title='bbox 216 3019 397 3100; x_wconf 89' lang='lat' dir='ltr'>Compositio</span> <span class='ocrx_word' id='word_1_254' title='bbox 421 3019 580 3099; x_wconf 89' lang='lat' dir='ltr'>ecligmatii</span> <span class='ocrx_word' id='word_1_255' title='bbox 602 3019 639 3079; x_wconf 92' lang='lat' dir='ltr'>ad</span> <span class='ocrx_word' id='word_1_256' title='bbox 661 3019 832 3099; x_wconf 91' lang='lat' dir='ltr'>pulmonem</span> <span class='ocrx_word' id='word_1_257' title='bbox 856 3026 1030 3096; x_wconf 88' lang='lat' dir='ltr'>corruptum</span> <span class='ocrx_word' id='word_1_258' title='bbox 1053 3037 1139 3099; x_wconf 90' lang='lat' dir='ltr'>repa·</span> 
     </span>
     <span class='ocr_line' id='line_1_34' title="bbox 125 3106 1139 3186; baseline 0.004 -20"><span class='ocrx_word' id='word_1_259' title='bbox 125 3108 266 3170; x_wconf 87' lang='lat' dir='ltr'>randum:</span> <span class='ocrx_word' id='word_1_260' title='bbox 306 3107 450 3169; x_wconf 89' lang='lat' dir='ltr'>Marrubii</span> <span class='ocrx_word' id='word_1_261' title='bbox 482 3106 656 3168; x_wconf 87' lang='lat' dir='ltr'>fasciculum</span> <span class='ocrx_word' id='word_1_262' title='bbox 689 3124 795 3186; x_wconf 91' lang='lat' dir='ltr'>unum,</span> <span class='ocrx_word' id='word_1_263' title='bbox 827 3106 932 3186; x_wconf 80' lang='lat' dir='ltr'>hysopi</span> <span class='ocrx_word' id='word_1_264' title='bbox 964 3107 1139 3170; x_wconf 81' lang='lat' dir='ltr'>fasciculum</span> 
     </span>
     <span class='ocr_line' id='line_1_35' title="bbox 125 3192 1139 3279; baseline 0.003 -24"><span class='ocrx_word' id='word_1_265' title='bbox 125 3213 227 3276; x_wconf 92' lang='lat' dir='ltr'>unum,</span> <span class='ocrx_word' id='word_1_266' title='bbox 246 3196 446 3276; x_wconf 79' lang='lat' dir='ltr'>glycyrrhizae</span> <span class='ocrx_word' id='word_1_267' title='bbox 460 3229 505 3239; x_wconf 97' lang='lat'><em>-</em></span> <span class='ocrx_word' id='word_1_268' title='bbox 518 3194 568 3275; x_wconf 93' lang='lat' dir='ltr'>lll,</span> <span class='ocrx_word' id='word_1_269' title='bbox 582 3195 635 3253; x_wconf 92' lang='lat' dir='ltr'>iris</span> <span class='ocrx_word' id='word_1_270' title='bbox 649 3192 783 3272; x_wconf 83' lang='lat' dir='ltr'>illyricae</span> <span class='ocrx_word' id='word_1_271' title='bbox 799 3227 840 3237; x_wconf 92' lang='lat'><em>-</em></span> <span class='ocrx_word' id='word_1_272' title='bbox 856 3194 905 3275; x_wconf 95' lang='lat' dir='ltr'>lll,</span> <span class='ocrx_word' id='word_1_273' title='bbox 918 3195 1016 3257; x_wconf 88' lang='lat' dir='ltr'>inulae</span> <span class='ocrx_word' id='word_1_274' title='bbox 1032 3227 1073 3240; x_wconf 86' lang='lat'>—</span> <span class='ocrx_word' id='word_1_275' title='bbox 1089 3196 1139 3279; x_wconf 89' lang='lat' dir='ltr'>Ill,</span> 
     </span>
    </p>
   </div>
   <div class='ocr_carea' id='block_1_4' title="bbox 122 3398 1138 3541">
    <p class='ocr_par' dir='ltr' id='par_1_12' title="bbox 122 3398 1138 3541">
     <span class='ocr_line' id='line_1_36' title="bbox 212 3398 1138 3470; baseline 0.001 -15"><span class='ocrx_word' id='word_1_276' title='bbox 212 3402 352 3469; x_wconf 77' lang='lat' dir='ltr'>Scyatos.</span> <span class='ocrx_word' id='word_1_277' title='bbox 400 3405 434 3454; x_wconf 88' lang='lat'>10</span> <span class='ocrx_word' id='word_1_278' title='bbox 452 3415 587 3456; x_wconf 86' lang='lat' dir='ltr'>umorem.</span> <span class='ocrx_word' id='word_1_279' title='bbox 636 3403 670 3455; x_wconf 88' lang='lat'>18</span> <span class='ocrx_word' id='word_1_280' title='bbox 689 3398 904 3468; x_wconf 81' lang='lat' dir='ltr'>transgluttieat</span> <span class='ocrx_word' id='word_1_281' title='bbox 922 3402 992 3470; x_wconf 83' lang='lat' dir='ltr'>(sic).</span> <span class='ocrx_word' id='word_1_282' title='bbox 1038 3407 1071 3456; x_wconf 75' lang='lat'>27</span> <span class='ocrx_word' id='word_1_283' title='bbox 1091 3419 1138 3457; x_wconf 85' lang='lat' dir='ltr'>ar-</span> 
     </span>
     <span class='ocr_line' id='line_1_37' title="bbox 122 3468 1100 3541; baseline 0.001 -16"><span class='ocrx_word' id='word_1_284' title='bbox 122 3470 222 3525; x_wconf 78' lang='lat' dir='ltr'>teriam</span> <span class='ocrx_word' id='word_1_285' title='bbox 243 3487 353 3525; x_wconf 86' lang='lat' dir='ltr'>omnem</span> <span class='ocrx_word' id='word_1_286' title='bbox 373 3470 533 3526; x_wconf 78' lang='lat' dir='ltr'>Carnarius.</span> <span class='ocrx_word' id='word_1_287' title='bbox 607 3473 641 3524; x_wconf 76' lang='lat'>82</span> <span class='ocrx_word' id='word_1_288' title='bbox 660 3468 809 3541; x_wconf 83' lang='lat' dir='ltr'>eligmatii.</span> <span class='ocrx_word' id='word_1_289' title='bbox 883 3475 918 3524; x_wconf 78' lang='lat' dir='ltr'>at</span> <span class='ocrx_word' id='word_1_290' title='bbox 936 3471 1100 3540; x_wconf 81' lang='lat' dir='ltr'>glycerizae.</span> 
     </span>
    </p>
   </div>
   <div class='ocr_carea' id='block_1_5' title="bbox 0 0 1231 3802">
    <p class='ocr_par' dir='ltr' id='par_1_13' title="bbox 0 0 1231 3802">
     <span class='ocr_line' id='line_1_38' title="bbox 0 0 1231 3802; baseline 0 0"><span class='ocrx_word' id='word_1_291' title='bbox 0 0 1231 3802; x_wconf 95' lang='lat' dir='ltr'> </span> 
     </span>
    </p>
   </div>
  </div>
 </body>
</html>
