2438 3802
518 154 736 219 ..38-

64 319 224 380 104laoiat:
243 320 320 377 intra
342 316 421 377 diem
440 318 634 377 vicensimum
652 315 830 395 persanabit.
867 315 1019 377 Brassicae
1040 335 1132 378 sucus

117 406 241 468 naribus
268 406 386 466 inlusus
413 407 510 484 capite
532 415 657 484 purgato
682 404 814 466 dolorem
839 423 957 484 quoque
981 407 1046 466 eius
1070 407 1132 466 elil-

65 498 234 558 1occaciter
257 495 367 555 adimit.
404 493 498 555 Radix
521 495 656 574 pyrethri
678 497 709 554 in
733 493 794 554 sole
819 494 868 554 diu
889 495 1133 555 commanducata

65 587 210 646 rocetiam
239 585 376 663 pituitam
405 582 533 661 expellit.
580 581 668 643 Hiera
697 585 790 643 maior
821 582 931 643 faciens
963 583 997 643 ad
1026 586 1132 662 capitis

115 675 240 735 nimium
273 680 303 732 et
334 679 465 732 veterem
498 671 631 732 dolorem
658 679 688 732 et
718 672 753 731 ad
782 670 948 750 phlegmata
977 673 1073 750 spissa
1102 680 1158 733 eto

116 764 278 823 constricta
309 760 433 821 laxanda
463 768 493 820 et
520 760 705 840 provocanda
733 778 770 821 ex
798 760 891 821 calida
919 779 994 839 aqua
1022 762 1132 822 ieiunis

116 850 191 932 data,
215 849 251 909 ad
275 849 447 928 spleniticos
471 868 506 909 ex
531 867 628 929 posca,
653 850 688 909 ad
712 851 844 928 epaticos
866 867 902 909 ex
921 851 989 908 rino
1009 848 1131 928 Graeco,

115 938 152 999 ad
172 941 358 999 accessiones
377 939 539 998 cotidianas
559 946 626 998 ante
646 940 845 1017 suspicionem
864 937 952 998 datur
971 955 1006 996 ex
1025 941 1131 1019 muria,

115 1029 184 1106 quia
212 1036 242 1087 et
269 1035 402 1087 ventrem
425 1035 585 1108 temperat3
612 1029 738 1086 maxime
762 1027 885 1105 prodest
907 1029 997 1087 etiam
1021 1026 1130 1087 melan·

115 1115 238 1176 cholicis
262 1125 292 1176 et
315 1117 528 1195 scotomaticis,
557 1115 651 1175 danda
679 1122 778 1176 autem
807 1115 945 1177 omnibus
968 1117 1076 1176 ieiunis
1101 1123 1172 1176 etro

114 1203 191 1266 bene
215 1205 338 1283 digestis
362 1204 397 1264 ad
423 1204 542 1264 modum
566 1206 651 1264 nucis
675 1202 836 1283 avellanae3
860 1222 936 1282 quae
959 1212 1076 1265 constat
1095 1223 1130 1264 ex

114 1293 271 1372 speciebus
295 1293 353 1354 his:
383 1293 564 1354 Stoechados
584 1325 622 1335 -
641 1291 654 1351 l
674 1284 787 1378 Mil,
811 1295 921 1370 agarici
941 1326 979 1335 -
996 1291 1009 1351 l
1029 1285 1130 1379 ῼινΙ,

114 1381 346 1462 colocynthidos,
368 1382 399 1442 id
418 1389 464 1442 ast
482 1381 665 1461 cucurbitae,
689 1380 768 1460 quod
788 1380 877 1440 habet
897 1383 1023 1441 interius
1042 1381 1130 1441 molle

114 1472 193 1531 inter
210 1473 322 1531 semina
342 1472 483 1531 siccatum
502 1469 574 1529 -l
594 1462 634 1555 ᾖ
649 1468 695 1550 Vl,
718 1471 896 1548 opopanacis
916 1462 955 1556 3«
971 1469 1030 1550 XV,
1049 1487 1131 1548 saga-

113 1562 182 1638 peni
199 1551 238 1645 3«
253 1559 312 1639 XV,
330 1558 503 1636 petroselini
518 1551 558 1643 β
573 1557 632 1638 XV,
652 1557 837 1619 aristolociae
851 1558 996 1618 rotundae
1016 1551 1055 1643 2«
1071 1557 1131 1638 XV,
1148 1575 1172 1616 1⁵

114 1649 226 1727 piperis
251 1646 309 1706 albi
333 1639 451 1731 2XV,
475 1648 663 1726 cinnamomi,
686 1648 785 1725 spicae
808 1646 905 1726 nardi,
930 1665 1045 1726 myrrae
1069 1656 1130 1707 tro-

114 1734 254 1815 glodytis,
282 1733 359 1814 lolii,
387 1736 468 1795 croci
496 1736 599 1794 uncias
628 1733 771 1816 singulas,
799 1735 894 1795 mellis
922 1753 992 1794 vero
1025 1737 1132 1814 optimi

114 1822 280 1900 despumati
308 1830 423 1883 tantum
450 1824 564 1904 mittes,
593 1830 737 1901 quantum
765 1824 893 1884 sufficiat
920 1822 1036 1901 pulveri
1064 1842 1130 1902 spe·

113 1912 228 1970 ciorum
251 1928 341 1989 supra
364 1913 543 1990 scriptarum
567 1911 732 1991 colligendo
756 1912 791 1972 ad
817 1913 1040 1990 spissitudinem
1060 1931 1129 1972 con·

112 2007 282 2080 gruentem,
307 2001 413 2062 deinde
437 2001 606 2062 coniectum
630 2001 813 2062 medicamen
836 2003 868 2062 in
891 2000 1010 2061 vasculo
1034 2002 1128 2061 vitreo
1144 2018 1171 2058 ao

62 2099 172 2150 107aut
199 2089 284 2150 fictili
311 2089 366 2150 sub
395 2090 547 2168 signaculo
576 2098 745 2168 reponatur.
793 2089 935 2168 Cupressi
961 2091 1130 2149 tenuissimi

62 2189 112 2238 108
121 2177 220 2239 radice
240 2187 329 2257 caput
348 2188 521 2240 coronatum
541 2178 673 2239 dolorem
692 2173 776 2238 brev'i
796 2180 888 2256 ponit.
923 2177 1007 2238 Pulei
1025 2177 1129 2237 ilorem
1164 2235 1166 2239 ,

114 2267 280 2346 destringes
304 2275 334 2327 et
357 2275 437 2328 teres
460 2287 496 2327 ex
520 2269 597 2327 aceti
620 2267 733 2345 cyathis
756 2266 886 2344 dnobus
911 2266 1020 2326 adicies
1044 2273 1129 2326 rutae

112 2356 288 2416 tantundem
312 2364 455 2434 quantum
478 2355 559 2434 pulei
582 2362 612 2415 et
636 2373 724 2416 unam
748 2373 851 2433 cepam
877 2364 907 2415 et
930 2354 1000 2415 salis
1018 2354 1129 2416 bolum.

114 2442 188 2504 Cum
205 2447 302 2504 omnia
317 2447 388 2505 trita
402 2452 499 2524 erunt,
514 2443 624 2504 adicies
639 2443 697 2504 olei
710 2443 781 2504 boni
796 2444 933 2522 cyathum
948 2452 978 2503 et
997 2445 1129 2504 tenuiter
1143 2459 1170 2500 aa

113 2533 283 2612 subcoques
306 2551 339 2594 ac
363 2532 438 2593 bene
463 2532 657 2612 permiscebis
676 2540 764 2611 atque
783 2532 926 2593 adversus
945 2531 1020 2611 pilos
1039 2541 1130 2610 caput

113 2639 149 2681 ex
173 2640 208 2682 eo
232 2621 390 2700 diligenter
413 2638 571 2701 perunges.

553 2779 631 2841 GAP.
651 2779 685 2839 11.

112 2875 167 2932 Ad
200 2889 318 2931 omnes
347 2875 483 2932 dolores
510 2874 683 2931 emicranii
709 2877 744 2930 et
771 2874 970 2931 eterocranii
997 2872 1129 2930 subitos

513 2967 548 3020 et
570 2964 730 3021 diutinos.

79 3076 92 3124 1
202 3063 356 3125 Hircinum
380 3066 482 3126 fimum
506 3067 610 3125 tritum
634 3082 703 3125 oum
726 3072 809 3124 aceto
831 3062 966 3123 scillitico
986 3065 1079 3124 misce
1099 3071 1130 3124 et

113 3153 204 3214 fronti
236 3161 266 3214 et
297 3153 483 3232 temporibus
514 3152 619 3234 inline;
651 3151 707 3212 hoc
740 3151 775 3211 ad
808 3151 941 3212 dolorem
974 3154 1128 3213 emicranii

185 3306 286 3361 tiera.
360 3304 567 3374 ophleumata.
633 3303 745 3375 trino]
763 3303 836 3359 feno.
896 3309 927 3357 12
948 3304 1128 3376 stoechades]

186 3521 219 3570 27
239 3516 431 3572 scillitrssimo.
505 3522 539 3572 28
558 3532 714 3587 emigranti,
734 3522 797 3572 etam
815 3521 859 3584 89,
882 3521 903 3570 1.
