2438 3802
494 143 735 208 -195-

192 306 328 367 Puleinm
352 308 457 366 tritum
481 305 581 366 22112
605 322 681 384 aqua
704 315 886 366 maceratum
908 307 1023 368 adiecto
1043 310 1174 372 2021120

50 414 56 426 ·
101 395 224 476 paululo
248 403 279 455 et
301 403 405 474 potum
428 413 569 454 nauseam
588 392 734 454 stomachi
753 393 844 454 sedat.
882 393 1030 473 Thymbra
1049 399 1120 458 trita
1140 411 1172 459 21

103 503 173 546 cnm
196 483 283 544 melle
307 491 423 562 sumpta
446 485 583 561 pituitam
608 490 778 542 concretam
802 485 833 543 in
856 491 978 561 pectore
1007 494 1038 544 et
1061 492 1119 544 sto·

102 573 201 633 machi
220 572 411 633 collectiones
431 579 583 652 extenuat,
605 570 792 631 marrubium
812 590 930 650 quoque
950 573 1055 633 tritum
1074 573 1120 632 vel

72 680 194 722 ssucus
222 664 287 721 eius
315 679 383 722 cum
411 659 497 720 melle
526 667 632 739 epotus
656 660 801 721 stomachi
824 660 957 721 dolorem
981 664 1119 740 protinus

101 750 188 810 tollit.
235 749 352 810 Scordii
375 767 466 808 sucus
489 748 524 809 ad
548 767 719 809 mensuram
747 749 862 810 denarii
887 758 976 828 potus
1001 769 1118 811 morsus
1138 765 1172 813 22

102 838 247 899 stomachi
280 837 370 918 tollit3
402 838 489 897 datur
520 839 599 897 enim
631 840 695 897 sine
728 837 811 898 lehre
839 837 1049 917 languentibus
1082 859 1118 900 ex

100 927 208 1007 mulso,
231 925 471 987 febricitantibus
494 944 565 985 vero
589 945 624 984 ex
648 943 724 1003 aqua
746 926 850 987 mulsa.
892 927 996 989 Polion
1015 928 1117 1010 herba,
1136 942 1171 991 23

102 1034 177 1096 quae
201 1032 218 1074 a
242 1014 419 1094 quibusdam
437 1013 576 1074 libanotis
595 1013 769 1095 appellatur,
788 1017 857 1076 trita
876 1016 924 1076 vel
942 1035 1033 1077 sucus
1053 1020 1117 1078 eius

59 1123 87 1164 1o
102 1123 170 1165 cum
194 1103 281 1164 melle
304 1106 401 1183 tenni,
425 1103 524 1162 idest
548 1102 677 1182 modico,
700 1111 788 1181 potus
812 1108 926 1165 morsui
950 1111 1062 1164 ventris
1086 1114 1116 1165 et

101 1192 291 1254 stomachicis
326 1191 456 1272 prodest.
502 1190 685 1251 Centaureae
717 1194 816 1252 tenuis
849 1211 940 1252 sucus
973 1202 1116 1271 qnantum
1136 1207 1174 1255 21

101 1284 182 1343 01022
205 1299 241 1340 ex
265 1299 341 1359 aqua
366 1279 452 1341 datus
476 1279 665 1339 stomachicis
689 1280 820 1359 prodest.
857 1279 1021 1359 Origannm
1045 1299 1116 1360 quo-

102 1388 161 1448 que
183 1371 288 1430 tritum
311 1387 430 1429 morsus
454 1368 599 1428 stomachi
622 1368 705 1428 sedat
727 1377 830 1446 potum
854 1387 890 1428 ex
910 1387 985 1447 aqua
1004 1369 1116 1450 tepida3
1177 1426 1180 1432 ,

101 1457 230 1518 extrahit
253 1460 333 1518 enim
357 1465 513 1518 concretos
536 1456 677 1535 liquores.
710 1455 840 1517 Prosunt
864 1459 952 1517 etiam
971 1458 1115 1536 quaedam
1135 1470 1173 1520 20

59 1564 86 1605 15
100 1549 130 1606 in
155 1565 229 1624 aqua
253 1553 400 1606 macerata
420 1544 581 1624 stomacho,
605 1553 639 1605 nt
656 1547 730 1624 pira,
752 1545 827 1605 mala
847 1546 979 1626 cydonia,
1001 1545 1116 1624 palmae

100 1637 229 1695 cariotae
254 1633 432 1714 Thebaicae,
455 1633 593 1712 mespila,
617 1633 747 1712 capreoli
770 1634 806 1694 de
830 1636 901 1714 vite,
928 1653 1013 1695 rosae
1038 1634 1118 1715 folia,

99 1741 261 1801 granorum
279 1723 387 1782 Punici
405 1722 475 1782 mali
499 1723 597 1783 sucus.
631 1722 711 1782 Bene
735 1722 806 1782 facit
829 1725 918 1782 etiam
942 1741 1033 1783 sucus
1056 1742 1116 1784 ma·

98 1811 199 1870 lorum
222 1811 421 1889 cydoneorum
450 1829 504 1890 per
528 1829 559 1870 se
584 1812 729 1871 cocleario
753 1819 890 1890 sumptus
914 1811 961 1870 221
984 1829 1053 1871 cum
1075 1811 1115 1871 al·

101 1898 185 1976 phita
208 1906 259 1958 aut
280 1899 351 1960 21102
376 1907 427 1960 aut
449 1907 534 1977 trago
558 1908 609 1958 aut
632 1918 726 1978 oryza.

59 2004 88 2045 20
193 1985 326 2048 Solutum
345 1996 444 2048 autem
464 1988 648 2047 stomachum
669 1996 698 2046 et
717 1990 814 2047 omnia
835 1989 1009 2047 reicientem
1028 1991 1113 2048 initio
1134 2002 1169 2052 26

102 2074 223 2153 quidem
250 2079 349 2137 curari
377 2085 494 2156 oportet
522 2083 618 2156 extra,
646 2076 676 2135 id
705 2084 751 2135 est
773 2077 955 2156 lorinsecus,
986 2079 1115 2155 inposita

100 2166 128 2223 ei
148 2163 259 2225 sertula
273 2164 421 2243 Campana
439 2173 522 2226 cocta
543 2183 577 2224 ex
597 2166 665 2224 vino
684 2171 784 2224 vetere
804 2173 855 2224 aut
874 2183 909 2224 ex
925 2183 1000 2244 aqua
1019 2165 1115 2225 mulsa

99 2251 145 2312 vel
163 2260 278 2332 myrteo
297 2253 362 2313 oleo
381 2256 452 2328 trita
471 2272 538 2314 cum
558 2262 641 2314 aceto
661 2261 691 2313 et
708 2271 807 2331 myrra
825 2271 881 2313 nec
900 2257 999 2315 minus
1018 2252 1114 2314 lanam

100 2341 234 2402 sucidam
260 2341 308 2401 221
335 2344 488 2421 spongiam
516 2351 600 2403 aceto
629 2344 785 2402 intinctam
813 2350 843 2403 et
871 2361 1041 2423 expressam
1065 2343 1114 2403 ad·

57 2441 85 2483 26
99 2432 171 2508 poni
198 2438 325 2510 oportet.
372 2430 497 2491 Faciunt
524 2431 600 2491 bene
628 2441 657 2492 21
684 2430 753 2491 10112
781 2434 850 2492 vitis
879 2434 948 2492 trita
982 2442 1011 2493 et
1038 2433 1113 2493 mala

99 2518 223 2597 cydonia
251 2520 322 2578 trita
351 2528 380 2578 et
407 2519 552 2598 palmulae
580 2522 667 2580 tritae
695 2529 725 2580 et
753 2521 905 2600 emplastri
921 2540 1016 2581 more
1045 2540 1113 2581 cum

98 2615 200 2667 ceroto
224 2625 261 2666 ex
284 2614 399 2686 myrteo
423 2608 487 2668 oleo
511 2608 587 2668 facto
611 2611 749 2688 imposita
772 2617 802 2670 et
825 2610 894 2670 lolia
917 2619 1020 2671 tenera
1043 2609 1112 2669 rubi

97 2694 145 2755 vel
167 2696 287 2756 lentisci
309 2695 357 2755 221
379 2695 548 2775 portulacae
572 2705 623 2756 aut
646 2699 720 2755 aizoi
743 2717 812 2756 cum
834 2698 954 2776 polenta
978 2717 1014 2758 ex
1037 2716 1112 2776 aqua

98 2784 205 2862 frigida
225 2803 385 2864 consparsa
404 2787 542 2862 imposita
560 2792 694 2860 prosunt.
727 2783 890 2844 Fricandae
910 2793 1009 2845 autem
1024 2798 1113 2845 erunt

56 2872 153 2933 eahae
177 2873 366 2935 difficultates
391 2871 534 2932 stomachi
561 2889 616 2929 nec
639 2871 738 2930 minus
762 2872 898 2949 scapulae
923 2873 987 2931 oleo
1011 2878 1111 2930 vetere

97 2961 144 3021 221
164 2962 337 3041 aliquolibet
355 2960 542 3022 calefactorio
561 2965 722 3035 unguento.
747 2957 835 3018 Cibos
854 2976 923 3018 vero
943 2960 1007 3018 dari
1026 2975 1111 3035 opor-

97 3057 141 3110 tet
159 3050 346 3112 huiusmodi:
369 3049 518 3130 polentam
537 3064 605 3107 cum
624 3063 711 3125 passo
729 3054 872 3126 protropo
892 3045 937 3105 vel
956 3064 1024 3106 cum
1042 3047 1110 3104 vino

97 3138 223 3199 Falerno
252 3139 332 3201 dulci
359 3139 406 3200 vel
433 3138 592 3197 Faustiano
621 3142 710 3213 atque
738 3134 795 3195 alio
824 3134 956 3195 eiusdem
979 3135 1111 3215 generis3

96 3229 169 3289 item
202 3228 374 3289 lenticulam
402 3246 470 3289 cum
498 3225 566 3286 beta
593 3224 639 3285 221
667 3242 754 3304 oryza
781 3225 906 3285 incoctis
938 3222 998 3283 illic
1026 3221 1111 3283 malis

188 3439 221 3489 31
242 3451 260 3487 a
278 3435 417 3488 vocabulis
436 3433 519 3489 Cibos
539 3449 605 3488 vero
624 3433 708 3488 codeac
725 3447 824 3487 rursus
841 3430 948 3499 incipit.
1011 3435 1045 3485 33
1064 3429 1113 3484 201

97 3501 263 3575 Faustiano]
283 3503 334 3559 elo.
355 3503 503 3560 anbioano.

920 3590 979 3648 ib*
