2438 3802
531 147 769 212 -144-

87 324 122 372 33
142 312 286 372 venietur.
332 311 448 371 Herbae
476 309 702 389 proserpinalis,
731 328 806 389 quae
829 309 1011 370 draconteon
1034 308 1157 391 dicitur,

142 402 286 461 contritae
306 418 379 461 suco
397 400 559 460 admisceto
579 398 685 459 salsam
699 417 805 478 aquam
820 406 850 458 et
864 397 921 458 olei
940 415 1045 477 parum
1064 405 1157 477 atque

141 489 210 549 inde
233 489 364 568 linguam
388 496 419 548 et
442 506 517 566 quae
540 495 611 548 sunt
636 489 715 548 circa
742 486 873 566 linguam
900 495 930 547 et
957 486 1059 547 fauces
1086 504 1156 565 per·

87 589 123 638 30
142 579 255 659 fricato,
275 578 370 638 donec
384 584 490 655 vomat,
509 578 558 636 cui
576 575 744 655 medabena,
763 578 823 636 cito
838 574 999 636 sanabitur.
1027 573 1156 636 blumen

141 669 246 727 tritum
274 685 310 726 33
337 682 427 744 posca
455 665 669 742 gargarizatum
698 666 821 743 anginae
850 662 995 724 molestiis
1022 663 1184 742 prodesto

86 765 121 813 at
141 755 208 814 Lini
236 771 339 814 semen
367 762 397 813 et
425 752 565 812 anethum
593 771 662 813 cum
692 752 752 813 sale
781 763 811 814 et
838 752 903 812 oleo
931 761 962 812 et
990 760 1075 813 aceto
1105 753 1157 813 de·

87 853 122 900 33
142 848 259 902 coctum
287 841 363 901 hene
392 849 495 902 contra
518 841 648 902 saucium
672 841 788 902 dolores
812 839 1016 920 gargalizatur.
1061 839 1157 903 Nucis

141 928 289 1007 iuglandis
317 928 416 989 nuclei
443 931 508 990 triti
535 948 603 990 cum
630 938 697 992 ruta
726 939 756 990 et
784 929 848 990 3133
872 931 994 1008 inpositi
1017 929 1156 991 saucibus

87 1027 122 1076 33
141 1025 275 1098 prosunt.
313 1017 466 1079 Ruborum
490 1018 588 1078 caules
606 1021 703 1079 teneri
721 1026 861 1079 teruntur
879 1036 1030 1097 sucusque
1049 1036 1156 1079 eorum

142 1125 301 1186 expressus
329 1109 414 1168 etin
437 1107 498 1167 sole
522 1109 699 1187 coagitatus,
726 1107 820 1167 donec
844 1108 991 1186 spissatur
1014 1106 1051 1166 ad
1074 1125 1156 1168 eras·
1170 1125 1196 1167 ιο

142 1196 303 1256 situdinem
327 1195 435 1278 mellis,
465 1195 501 1256 ab
529 1197 672 1256 interiore
699 1203 783 1273 parte
811 1195 946 1256 faucibus
974 1203 1005 1255 et
1026 1197 1157 1274 gingivis

87 1293 123 1341 34
141 1284 244 1345 inlitus
266 1284 428 1364 plurimum
452 1284 582 1364 prodest.
621 1283 724 1344 Pullus
746 1284 916 1344 hirundinis
939 1283 1085 1345 silvestris
1110 1285 1159 1346 vel

140 1373 247 1434 melius
267 1375 293 1434 si
307 1373 473 1454 ripariolae‚
492 1381 574 1434 certe
589 1375 677 1434 etiam
691 1371 879 1454 domesticae,
898 1391 984 1434 assus
998 1371 1044 1432 331
1059 1371 1158 1434 elixus

142 1469 293 1523 comestus
320 1465 457 1540 anginam
486 1461 671 1522 velocissime
700 1463 927 1540 certissimeque
955 1468 1051 1540 sanat,
1081 1461 1156 1523 adeo

140 1559 174 1611 ut
196 1551 346 1610 hominem
370 1550 407 1610 ab
430 1550 488 1611 hoc
510 1549 615 1610 morbo
638 1569 694 1629 per
716 1557 812 1611 totum
836 1568 946 1611 annum
969 1551 1157 1611 tutissimum
1171 1569 1198 1612 13

139 1647 278 1718 praestet.

86 1736 121 1784 35
229 1728 274 1788 Ad
294 1727 443 1807 parotidas
462 1726 607 1787 sedandas
626 1727 772 1806 asphodili
790 1727 900 1788 herbae
919 1727 1004 1788 radix
1021 1728 1158 1790 involuta

87 1855 89 1862 ·
140 1816 204 1877 lana
233 1818 316 1877 lusca
344 1824 374 1877 et
402 1818 481 1877 eirca
509 1814 617 1876 collum
648 1833 792 1895 suspensa
824 1816 957 1876 remedio
990 1815 1156 1896 plurimum

86 1913 120 1961 36
140 1908 206 1967 3311.
229 1904 382 1966 Brassicae
397 1907 507 1984 stirpes
522 1902 597 1982 [sive
612 1902 743 1984 stipites]
759 1905 904 1965 arefactae
918 1904 965 1965 331
979 1904 1156 1967 combustae

140 2001 170 2054 et
197 1996 228 2053 in
256 1994 408 2073 pulverem
432 1994 569 2054 redactae
595 2001 625 2054 et
648 2011 716 2054 cum
739 1994 865 2072 axungia
888 2001 988 2054 vetere
1012 1992 1156 2055 subactae
1170 2012 1197 2054 ao

140 2091 228 2162 atque
257 2083 416 2162 emplastro
445 2083 571 2144 alutacio
597 2081 783 2162 parotidibus
811 2083 956 2160 inpositae
986 2084 1059 2142 satis
1084 2101 1156 2161 pro·

87 2179 121 2228 31
140 2181 220 2233 sunt.
261 2171 377 2250 Lupino
401 2172 494 2232 crudo
519 2171 604 2231 deme
627 2170 774 2232 folliculos
797 2179 885 2249 atque
909 2189 946 2231 33
969 2188 1005 2230 33
1028 2171 1156 2233 farinam

141 2262 345 2320 tenuissimam
369 2261 467 2340 133113,
491 2277 579 2338 quam
602 2259 689 2320 melle
713 2258 865 2320 subactam
884 2261 948 2319 3133
970 2259 1157 2338 malagmatis

141 2347 327 2426 parotidibus
351 2348 490 2428 adponas,
512 2348 653 2407 continuo
673 2347 791 2408 dolores
810 2356 1002 2426 tumoresque
1022 2347 1157 2430 sedabis3

141 2435 220 2494 idem
244 2443 375 2513 praestat
399 2443 519 2495 etcum
543 2443 627 2494 aceto
651 2435 792 2498 decoctus
815 2436 1011 2515 similiterque
1035 2437 1154 2516 adposi-
1168 2452 1195 2496 33

88 2530 122 2580 33
141 2530 199 2583 tus.
231 2522 330 2582 Herba
349 2522 477 2583 verbena
496 2541 565 2583 oum
583 2522 751 2602 plantagine
769 2526 800 2584 in
820 2543 871 2586 ore
890 2527 1017 2586 contrita
1037 2525 1155 2587 adiecto

141 2611 258 2672 modico
279 2611 348 2671 salis
366 2629 421 2690 pro
437 2610 596 2690 emplastro
611 2611 744 2690 adposita
762 2614 912 2690 parotidas
926 2615 1002 2674 mire
1016 2613 1156 2696 discutit;

142 2718 216 2778 quas
239 2718 307 2760 cum
331 2701 491 2780 aperuerit,
515 2700 648 2761 detracto
673 2700 732 2761 sale
752 2701 812 2762 sola
832 2705 959 2764 contrita
979 2711 1009 2763 31
1025 2705 1156 2782 inposita

88 2795 122 2846 33
142 2788 280 2850 celeriter
308 2790 423 2850 sanabit
450 2807 505 2849 nec
529 2791 697 2850 cicatricem
721 2808 856 2869 magnam
880 2791 976 2852 faciet.
1020 2791 1156 2852 Noctuae

141 2879 225 2938 iecur
248 2877 406 2957 diligenter
429 2887 578 2940 servatum
602 2888 690 2958 atque
710 2898 746 2940 33
765 2889 917 2957 unguento
936 2879 1062 2940 nardino
1081 2881 1155 2941 trito
1169 2898 1195 2938 33

141 2967 282 3045 auriculis
302 2968 428 3030 subinde
447 2969 579 3029 inlusum
598 2968 736 3030 celeriter
754 2968 921 3046 parotidum
941 2969 1045 3029 vitium
1066 2986 1156 3030 omne

87 3068 123 3117 43
140 3066 287 3135 persanat.
329 3057 428 3119 Ostrei
456 3065 599 3118 testarum
628 3057 849 3118 combustarum
875 3058 951 3117 cinis
974 3075 1042 3117 cum
1067 3055 1156 3118 melle

88 3155 122 3205 41
142 3146 289 3224 inpositus
314 3146 464 3225 parotidas
494 3148 553 3206 cito
582 3145 676 3206 solvit.
728 3145 811 3224 Aqua
839 3147 952 3205 marina
979 3145 1080 3225 tepida
1107 3145 1157 3206 vel

141 3251 177 3293 33
205 3237 319 3294 marino
348 3234 407 3294 sale
431 3235 540 3294 inlecta
562 3233 712 3312 parotidas
736 3234 849 3312 slongia
872 3236 956 3314 prins
980 3233 1060 3315 elue,
1088 3242 1156 3295 tum

162 3507 168 3519 .
211 3439 378 3563 talumanp
392 3439 479 3519 alium
496 3439 573 3514 Plin.
626 3444 662 3493 12
684 3439 833 3496 arundinis.
894 3445 927 3494 10
946 3438 1070 3511 stipites]
1089 3439 1154 3494 stir-

137 3510 222 3578 311133.
295 3515 328 3563 21
349 3511 477 3567 3313113.
