2438 3802
495 143 733 209 -136-

110 308 258 367 sextarius
282 314 312 366 et
335 323 455 367 rursum
479 308 627 386 coquitur.
664 306 721 368 Ubi
744 313 842 367 autem
867 305 942 366 bene
966 307 1123 368 decoctum

111 396 211 475 Iuerit,
234 402 334 455 cetera
357 412 448 473 supra
471 397 583 474 scripta
606 414 681 474 quae
705 397 783 456 sicca
808 403 878 455 snut
900 397 969 455 trita
991 395 1123 457 adiciun-

111 492 162 545 tur
176 486 344 562 iterumque
360 483 539 562 decoquitur
552 483 810 562 medicamentum,
830 483 924 543 donec
940 485 980 544 sit
993 487 1123 562 spissum

55 587 93 636 44
112 573 192 634 velut
211 571 277 633 mel.
310 571 403 652 Rhus,
422 591 480 651 quo
500 575 619 633 coriarii
637 580 773 652 utuntur,
792 571 931 632 foliorum
949 579 1123 635 tenerorum

110 661 304 723 collectorum
333 667 458 741 aestate,
486 663 660 740 priusquam
689 678 791 722 semen
818 659 992 721 arbusculae
1019 676 1153 723 eorumo

111 749 247 825 habeant,
265 749 292 808 II
312 747 420 808 XXIIII
438 759 628 810 macerantur
646 752 677 810 in
697 767 789 829 aquae
808 748 917 809 nitidae
938 752 1052 828 congiis
1071 752 1124 812 tri-

110 839 168 900 bus
190 838 315 899 totidem
338 837 443 898 diebus
465 838 649 916 totidemque
671 837 823 919 noctibus,
852 837 959 898 deiude
983 857 1124 918 expressa

110 927 180 989 solia
203 926 387 1006 abiciuntur,
411 944 500 1009 aqua,
523 929 554 986 in
578 945 636 1006 qua
660 934 806 988 macerata
829 926 950 1006 fuerim,
973 929 1124 989 transiun-

112 1017 193 1077 ditur
216 1018 247 1076 in
271 1034 322 1076 vas
345 1033 465 1075 aereum
489 1023 519 1075 et
542 1018 694 1096 coquitur,
722 1016 816 1076 donec
844 1016 875 1075 in
902 1015 998 1076 meilis
1021 1019 1124 1096 spissi-

110 1105 244 1166 tudinem
273 1104 434 1182 redigatur.
480 1102 606 1182 Oportet
633 1112 732 1164 autem
760 1105 873 1165 moveri
899 1123 1005 1183 aquam
1029 1107 1123 1184 ipsam
1140 1121 1166 1160 1o

110 1192 247 1254 rudicula
275 1193 321 1253 vel
348 1191 529 1272 spathomela
553 1194 630 1252 aeris
658 1191 756 1274 rubri3
783 1201 887 1272 postea
915 1193 992 1253 adici
1015 1193 1126 1255 debent

110 1285 181 1343 trita
204 1282 290 1342 haec:
313 1281 442 1362 Myrrae,
465 1274 566 1362 turis,
580 1281 664 1341 nardi
688 1280 834 1362 Syriacae,
857 1283 995 1361 cinnamI,
1018 1285 1125 1363 casiae,

111 1369 297 1449 singulorum
321 1370 435 1430 denarii
458 1369 533 1450 biui3
558 1369 665 1430 deinde
689 1369 735 1430 bis
758 1377 840 1430 terve
864 1370 1045 1430 inservefieri
1064 1390 1125 1431 me·

110 1460 310 1520 dicamentum
335 1466 365 1518 et
388 1461 494 1537 reponi
516 1461 546 1518 in
570 1458 676 1537 pyxide
700 1477 816 1538 cyprea
860 1457 943 1519 Facit
966 1459 1002 1518 ad
1026 1463 1124 1520 omnia

110 1551 194 1652 vitia,
223 1565 299 1626 quae
326 1549 358 1606 in
386 1565 438 1607 ore
466 1554 643 1627 nascuntur,
671 1547 761 1607 etad
785 1565 870 1607 uvam
894 1558 924 1607 et
947 1549 1071 1608 arterias
1095 1557 1126 1610 et
1140 1561 1167 1604 15

110 1640 247 1716 anginam
270 1642 301 1695 et
324 1635 360 1695 ad
384 1634 540 1708 auriculas,
565 1653 601 1694 ex
620 1635 729 1713 quibus
747 1637 832 1714 puris
850 1634 977 1696 multum
996 1635 1071 1716 iluit,
1095 1646 1126 1698 et

110 1727 146 1786 ad
170 1732 287 1785 veretra
311 1723 400 1784 etad
424 1723 603 1801 nigridinem
626 1723 895 1827 carbunculorum„
910 1733 1026 1785 crustas
1053 1744 1125 1804 quo·

111 1833 168 1893 que
198 1821 228 1873 et
255 1811 378 1893 papulas
406 1830 508 1872 omnes
536 1819 568 1872 et
592 1814 718 1872 maxime
743 1830 777 1872 ea
799 1814 913 1873 umoris
936 1815 1019 1894 vitia,
1048 1832 1125 1892 quae

110 1905 141 1962 in
170 1910 257 1962 nocte
286 1904 486 1983 concitantur,
515 1908 672 1982 expurgat,
701 1901 753 1961 sed
778 1903 803 1960 si
826 1908 973 1961 vetustate
998 1902 1125 1963 medica-

109 1999 243 2052 mentum
271 1993 428 2073 inaruerit,
453 1991 617 2051 remittitur
645 1998 675 2051 et
701 1997 885 2069 temperatur
908 1992 975 2049 vino
1004 1999 1124 2052 austere
1139 2004 1167 2043 2⁰

109 2081 186 2142 bene
210 2080 312 2141 calido.

54 2178 91 2228 45
199 2168 375 2229 Remedium
390 2168 490 2230 Cosmi
503 2167 613 2228 medici
631 2167 667 2228 ad
687 2169 823 2246 anginam
838 2176 867 2227 et
882 2167 917 2227 ad
933 2169 1030 2227 omnia
1045 2170 1125 2248 vitia,

111 2277 186 2337 quae
209 2260 240 2317 in
264 2275 316 2316 cre
339 2264 513 2335 nascuntur,
536 2263 567 2315 et
590 2255 625 2315 ad
649 2274 737 2316 aures
760 2273 835 2334 pure
857 2265 1011 2316 manantes
1034 2264 1065 2316 et
1088 2258 1124 2317 ad

111 2344 310 2406 carbunculos
338 2353 427 2421 atque
456 2344 491 2404 ad
515 2352 644 2424 veretra,
673 2362 747 2422 quae
772 2344 950 2422 nigridinem
974 2345 1124 2426 duxerint,

109 2441 141 2493 et
164 2433 200 2493 ad
224 2440 341 2492 crustas
364 2439 394 2490 et
417 2432 453 2491 ad
477 2430 578 2491 ulcera
601 2433 631 2490 in
653 2431 780 2509 peditus
803 2432 930 2493 subtrita
949 2433 1123 2494 calciamen-
1139 2445 1166 2486 2⁶

109 2523 163 2582 tis:
188 2520 272 2580 Rhus
296 2519 410 2598 Syriaci
433 2518 517 2598 IIII,
541 2537 657 2598 myrrae
681 2519 791 2599 IIIIII,
816 2523 911 2581 casiae
936 2521 1018 2602 IIII,
1042 2525 1125 2583 croci

109 2608 191 2691 IIII,
214 2606 311 2669 mellis
330 2607 419 2668 Attici
443 2607 564 2687 cyathos
588 2607 671 2668 diros.
711 2607 856 2687 Coquitur
876 2610 1124 2672 medicamentum

110 2698 190 2758 lente
217 2699 249 2757 in
276 2698 377 2756 cinere
400 2696 509 2778 calido,
537 2695 631 2757 donec
659 2698 789 2777 spissum
817 2699 880 2779 liat,
909 2701 1065 2778 reponitur
1092 2703 1124 2759 in

109 2805 178 2848 vaso
202 2804 298 2847 aereo.

53 2887 90 2936 43
199 2877 351 2937 Arteriace
375 2875 410 2936 ad
435 2875 603 2956 gravidines
631 2877 691 2936 oris
719 2882 749 2936 et
773 2877 877 2954 capitis
901 2884 931 2937 et
954 2876 989 2936 ad
1013 2876 1123 2956 pleuri-
1138 2889 1166 2929 ³⁰

109 2968 186 3027 ticos
215 2973 244 3026 et
272 2984 326 3045 per
353 2973 468 3026 tussem
497 2967 671 3044 sanguinem
705 2967 846 3026 eicientes
874 2965 1032 3026 coniicitur
1064 2968 1124 3027 sio:

109 3054 194 3116 Passi
217 3054 328 3116 Cretici
351 3057 472 3117 sextarii
495 3055 554 3115 duo
579 3053 788 3132 decoquuntur
811 3053 846 3113 ad
871 3055 987 3134 tertias,
1017 3054 1124 3114 deinde

109 3144 291 3204 admiscetur
314 3146 391 3204 turis
420 3143 568 3204 victoriati
596 3142 671 3201 duae
700 3143 840 3201 tertiaevc
866 3149 979 3220 partes,
1008 3161 1125 3222 myrrae

110 3232 240 3312 dimidia,
264 3234 346 3292 croci
368 3250 439 3312 una,
463 3229 648 3308 tragacanthi
671 3227 696 3288 a
716 3227 743 3310 I,
766 3233 893 3307 gummis
917 3230 987 3312 III,
1010 3233 1125 3310 piperis

181 3365 318 3436 coquos]
338 3381 403 3433 quo.
474 3361 709 3433 espissitudinis.
784 3370 815 3417 11
835 3364 964 3420 tutioula
1029 3370 1122 3435 spato-

108 3436 214 3564 :milti
264 3441 297 3490 13
316 3436 406 3506 terve]
426 3437 477 3490 ter.
559 3440 593 3489 33
613 3433 685 3490 duos
704 3435 763 3490 ett
751 3435 896 3492 tertioeve
975 3441 1010 3490 34
1029 3438 1123 3505 traga-
