2438 3802
517 153 754 219 -190-

127 317 247 401 pellant‚
271 327 301 379 et
322 318 358 378 ad
377 321 479 398 spinae
498 321 590 379 totius
609 317 838 396 lumborumque
858 317 990 379 dolorem
1009 335 1046 377 ex
1066 336 1144 397 aqua

128 408 222 468 mulsa
246 408 347 468 datum
370 409 451 468 iuxta
476 410 553 468 vires
577 409 731 486 cuiusque.

93 509 108 557 ‘1
217 497 291 558 Item
315 496 351 556 ad
374 496 535 575 podagram
557 495 633 556 bene
657 496 740 576 facit3
768 513 836 554 nam
864 502 894 554 et
919 497 1144 574 inpraesentia

127 587 315 647 detractione
338 583 448 644 doloris
476 584 587 645 relevat
617 592 647 644 et
674 586 706 644 in
734 585 870 644 futurum
898 585 979 643 omni
1006 583 1145 645 molestia

127 673 247 754 liberat3
269 673 391 733 dimidio
411 675 489 733 enim
509 672 636 733 celerius
655 680 797 733 sanantur
816 674 867 751 qui
886 680 1068 750 acceperunt
1084 673 1172 734 hoco

127 762 376 822 medicamentum
404 779 492 840 quarn
519 763 604 840 prius
632 761 767 822 solebant
790 763 896 821 sanari.
943 760 1021 832 Quid
1045 761 1144 822 dicam

127 848 376 928 quemadmodum
398 853 494 929 prosit
517 851 553 911 ad
577 852 702 912 duritias
725 868 919 910 mammarum
940 848 1145 930 muliebrium,

129 955 204 1016 quae
224 937 412 998 cumdolore
432 958 537 1018 magno
557 939 653 1000 solent
672 941 754 1000 nasci
773 956 906 1018 quasque
925 937 1041 998 nullum
1063 937 1144 1000 aliud

128 1026 375 1087 medicamentum
399 1027 522 1110 relevat3
545 1047 612 1088 uam
636 1029 688 1088 has
713 1036 743 1088 et
765 1028 801 1088 ad
822 1045 964 1107 praesens
983 1027 1146 1088 admodum

129 1122 214 1175 curat
232 1125 262 1176 et
280 1117 311 1176 in
330 1124 508 1195 perpetuum
525 1136 561 1177 ex
576 1124 639 1178 toto
653 1116 805 1176 interdum
819 1123 911 1196 sanat,
931 1133 1003 1194 quas
1018 1115 1141 1194 quidem
1156 1135 1182 1176 1o

129 1222 232 1265 causas
255 1204 390 1284 plerique
413 1205 597 1266 medicorum
617 1204 795 1265 insanabiles
816 1205 986 1285 adfirmant3
1010 1207 1144 1265 carcino-

127 1301 205 1354 mata
234 1295 313 1354 enim
342 1302 373 1354 et
400 1295 556 1356 cacoethes
582 1294 656 1354 haec
683 1295 754 1353 vitia
782 1301 957 1372 sequuntur.
1005 1292 1063 1353 Sed
1088 1311 1144 1372 ego

127 1382 267 1443 honestas
291 1383 415 1444 feminas
439 1383 580 1462 quasdam
602 1383 773 1461 saepissime
788 1382 844 1443 hoc
858 1381 1075 1442 medicamento
1095 1383 1145 1442 ad-

128 1472 213 1531 firmo
238 1479 363 1532 sanatas.

93 1571 110 1619 8
217 1559 292 1620 lllud
320 1576 390 1619 vero
420 1577 509 1639 supra
533 1561 665 1620 omnium
694 1561 863 1638 opinionem
892 1567 950 1639 est,
979 1559 1057 1637 quod
1083 1567 1142 1620 sto·
1158 1576 1184 1617 ra

127 1648 269 1708 machicis
293 1648 446 1708 evidenter
465 1650 611 1729 convenit,
635 1666 704 1708 cum
728 1650 767 1708 sit
786 1649 1001 1709 vinosissimum
1021 1650 1142 1709 amaris·

129 1738 296 1815 simumque
320 1736 568 1797 medicamentum
592 1744 622 1797 et
643 1737 814 1798 stomachus
833 1755 871 1797 ne
890 1735 1047 1797 adversum
1066 1736 1142 1797 levia

129 1825 249 1903 quidem
277 1835 306 1885 et
334 1825 479 1904 simplicia
506 1825 719 1886 medicamenta
747 1834 834 1905 aptus
862 1828 909 1886 sit.
957 1825 1015 1886 Sed
1043 1825 1142 1905 dispo·

129 1915 242 1973 suimus
261 1915 292 1973 in
310 1913 482 1975 huiusmodi
500 1913 590 1975 rebus
609 1916 807 1994 potentiorem
832 1932 905 1975 usus
928 1917 1075 1975 rationem
1096 1932 1141 1974 se-

129 2003 194 2082 qni3
213 2010 354 2082 expertus
373 2005 451 2064 enim
472 2005 598 2084 quisque
618 2003 770 2082 intelleget
783 2003 934 2064 stomacho
949 2021 1068 2082 quoque
1083 2002 1140 2063 hoc
1155 2021 1181 2061 ao

128 2090 375 2152 medicamentum
400 2094 507 2154 eximie
530 2092 682 2172 prodesse.
717 2092 870 2153 Remediat
894 2092 972 2152 enim
992 2110 1051 2171 eos,
1076 2094 1141 2170 qui-

128 2178 185 2240 bus
213 2181 386 2259 frequenter
413 2183 555 2242 inacescit
583 2181 681 2262 cibus,
710 2189 740 2241 et
763 2199 827 2262 eos,
855 2183 907 2259 qui
930 2180 1074 2240 stomachi
1096 2183 1141 2240 in·

128 2267 299 2329 dationibus
322 2278 467 2350 urgentur
491 2270 537 2330 vel
559 2269 711 2331 doloribus
735 2277 878 2330 vexantur
902 2268 1025 2330 adsidue
1045 2278 1075 2329 et
1094 2268 1141 2328 vel

128 2365 273 2417 nauseant
295 2357 341 2419 vel
369 2361 459 2419 nimia
484 2358 573 2419 saliva
596 2358 747 2420 abundant
770 2358 817 2418 vel
839 2358 936 2419 inedia
961 2375 1140 2418 consumun-

129 2452 179 2504 tur
207 2447 450 2527 stomachumque
479 2449 520 2508 ita
548 2446 679 2508 solutum
706 2446 828 2528 babent,
856 2455 891 2507 ut
918 2465 953 2506 ex
982 2465 1017 2506 eo
1042 2447 1140 2506 varios
1154 2461 1181 2506 rs

128 2533 260 2613 liquores
289 2535 414 2596 subinde
442 2537 568 2596 reiciant
595 2537 798 2596 consentiente
827 2538 936 2616 capite,
964 2543 998 2596 ut
1026 2534 1139 2647 nullum

128 2641 223 2701 genus
246 2623 305 2684 cibi
328 2627 481 2684 continere
503 2625 627 2704 possint

93 2721 109 2769 9
219 2713 292 2772 ltom
316 2713 352 2772 ad
376 2712 465 2774 bilem
488 2721 582 2774 atram
605 2723 791 2792 generantes
814 2730 889 2792 quos
912 2706 1141 2773 melancholicos

129 2812 244 2881 vocant,
267 2802 342 2862 bene
366 2801 448 2882 lacit3
472 2810 590 2881 oportet
613 2813 712 2864 autem
735 2820 795 2885 non
814 2799 1036 2863 continentibus
1058 2800 1141 2861 cibos

129 2890 292 2950 secundnm
308 2893 450 2952 vomitum
464 2894 602 2971 protinus
616 2891 681 2952 oleo
696 2893 850 2970 perunctis
865 2897 895 2951 et
909 2889 1022 2951 diutius
1036 2907 1140 2968 presse
1154 2905 1183 2946 oo

128 2978 241 3038 fricatis
270 2978 333 3039 dari
362 2980 570 3042 medicamenti
598 2981 752 3042 denarium
780 2997 873 3040 uuum
899 2996 935 3038 ex
959 2997 1051 3058 aquae
1076 2996 1141 3058 cya-

129 3065 189 3126 this
214 3066 318 3149 tribus,
342 3069 448 3130 deinde
472 3078 554 3131 artus
578 3087 682 3130 eorum
705 3069 910 3146 constringere
936 3076 966 3127 et
989 3067 1141 3127 interdum

129 3153 290 3216 olfactoriis
318 3158 441 3219 relicere
467 3167 497 3219 et
520 3157 813 3220 commanducatione
837 3155 980 3216 olivarum
1003 3164 1141 3216 contusa·

129 3261 196 3304 rum
216 3262 377 3325 earumque
396 3264 506 3327 rerum,
526 3264 601 3325 quae
616 3244 800 3306 stomachum
815 3247 1020 3322 constringere
1035 3243 1141 3324 solent,

130 3333 303 3395 suberectos
322 3334 559 3414 recubantesque
574 3333 666 3416 alere3
685 3333 791 3394 deinde
809 3333 861 3393 ubi
875 3333 1047 3416 deiecerint,
1062 3331 1140 3393 solu-
1154 3347 1181 3389 so

215 3528 251 3575 17
267 3521 345 3577 lenia
363 3522 489 3579 Scribere.
562 3528 596 3579 33
616 3521 771 3579 olfactoriis
792 3520 951 3577 Omoemus.
