2438 3802
486 161 725 226 -255-

185 325 294 387 Multos
319 343 385 386 cum
410 325 603 385 admiratione
629 324 752 385 effectus
771 324 936 384 audivimus
956 336 1111 389 narrantes
1129 341 1145 389 9

97 415 219 478 Casilini
236 416 319 474 nasci
333 416 363 473 iu
383 413 550 492 lapidicinis
567 412 706 473 bestiolas
722 412 917 473 adhaerentes
932 417 1010 474 saxis
1025 420 1109 494 quasi

97 503 278 582 verruculas,
297 502 350 563 has
369 502 451 562 datas
471 504 557 562 tritas
578 520 612 562 ex
633 519 726 579 aquae
747 501 860 581 cyathis
879 501 976 562 trihus
996 504 1108 564 findere

97 602 128 653 et
150 610 204 670 per
227 594 344 652 urinam
368 591 523 651 extrahere
547 590 660 668 lapides
684 590 720 650 de
744 591 864 650 vessica.

69 700 83 740 s
187 681 230 741 Ad
250 679 414 740 calculosos
433 679 598 739 remedium
618 679 689 739 utile
709 681 766 739 sic:
790 679 963 739 Cucumeris
978 683 1109 762 seminis,
1129 693 1162 743 10

98 770 193 849 dauci,
216 771 307 848 anesi,
330 770 398 846 apii,
421 767 597 848 petrosilini,
621 785 745 848 myrrae,
766 766 950 846 singulorum
970 769 1108 830 denarios

98 867 214 938 ternos,
237 859 332 917 casiae
356 856 549 938 daphnitidis,
573 858 710 937 cinnami,
733 856 828 937 nardi,
851 855 1036 934 singulorum
1060 859 1110 919 de·

97 949 196 1007 narios
221 945 360 1024 singulos.
401 944 481 1005 Trita
505 944 577 1005 haec
602 947 698 1004 omnia
722 963 798 1023 aqua
822 944 1011 1026 colliguntur,
1035 947 1110 1009 hunt

96 1035 206 1114 pastilli
229 1034 324 1113 lupini
347 1033 558 1113 magnitudine,
583 1032 691 1093 dantur
710 1035 809 1093 ieiuno
829 1052 865 1092 ex
884 1052 977 1112 aquae
996 1036 1109 1115 cyathis

55 1144 82 1184 1o
97 1127 191 1184 ternis
215 1141 269 1202 per
292 1123 356 1182 dies
376 1121 434 1183 XL.
469 1121 532 1182 Hoc
551 1122 799 1182 medicamentum
818 1123 955 1183 tunditur
976 1123 1020 1184 vel
1040 1143 1108 1184 con·

97 1215 218 1291 ponitur
246 1213 277 1271 in
301 1212 359 1290 pila
383 1211 478 1290 lignea
503 1219 533 1271 et
555 1210 614 1290 pilo
638 1211 749 1290 ligneo;
778 1213 829 1288 qui
858 1211 1014 1271 contundit
1037 1231 1108 1273 anu·

97 1301 158 1361 lum
177 1302 307 1361 ierreum
327 1318 387 1360 non
405 1300 526 1380 haheat,
544 1299 621 1360 hanc
640 1301 718 1358 enim
739 1300 981 1376 superstitionem
1001 1300 1110 1362 adiecit

98 1388 272 1450 Ambrosius
300 1388 434 1449 medicus
456 1387 651 1468 Puteolanus,
680 1389 732 1466 qui
756 1387 922 1447 adfirmavit
944 1387 1054 1449 multos
1078 1408 1109 1450 se

98 1478 154 1538 hoc
174 1477 388 1538 medicamento
409 1495 537 1536 sanasse.
565 1475 727 1536 Detrahere
747 1485 845 1536 autem
860 1475 934 1536 dixit
947 1485 1016 1554 post
1031 1478 1109 1538 diem

56 1585 82 1626 15
98 1569 257 1645 septimum
281 1568 424 1644 fragmina
450 1565 592 1644 quaedam
616 1564 746 1644 lapidum
771 1566 855 1643 quasi
877 1564 1027 1626 harenam.

186 1654 228 1714 Ad
244 1654 416 1734 calculosos,
435 1653 574 1726 lienosos,
591 1653 769 1733 hydropicos
784 1653 1033 1715 medicamentum
1048 1655 1109 1714 elfi-
1129 1669 1161 1717 11

97 1761 159 1823 cax,
179 1743 257 1821 quod
277 1752 307 1803 et
325 1745 441 1805 urinam
461 1742 591 1803 detrahit
609 1750 639 1803 et
657 1742 770 1820 lapides
786 1744 818 1802 in
833 1744 945 1803 vessica
960 1752 1108 1824 extenuat,

98 1832 254 1892 conficitur
278 1834 332 1893 sic:
357 1830 480 1911 Eryngi,
503 1831 650 1910 pyrethri,
674 1831 831 1911 saliuncae,
855 1833 1027 1912 saxifragae,
1051 1835 1109 1892 sin·

99 1919 235 1998 gulorum
258 1921 396 1981 denarios
420 1920 526 1999 denos,
549 1919 634 2000 polii,
658 1919 732 2000 folii,
756 1919 956 2000 aristolociae,
980 1921 1109 1999 singulo-

56 2027 84 2068 20
99 2027 165 2068 rum
194 2008 218 2069 ll
247 2011 367 2090 quinos,
399 2010 615 2088 oxymyrsines,
646 2026 720 2086 quae
750 2026 836 2086 scopa
867 2009 948 2086 regia
978 2016 1108 2090 vocatur,

98 2099 162 2157 suci
185 2098 341 2158 heminam.
374 2096 453 2158 Haec
473 2099 570 2157 omnia
590 2104 713 2157 contusa
733 2107 762 2156 et
781 2094 909 2156 cribrata
929 2096 1109 2175 colliguntur

97 2204 133 2246 ex
157 2204 241 2265 aqua,
264 2187 339 2246 tiunt
362 2185 471 2264 pastilli
495 2184 679 2264 singulorum
703 2185 902 2264 denariorum,
926 2185 1034 2245 dantur
1057 2185 1108 2246 lie·

97 2277 178 2334 nosis
202 2293 238 2335 ex
262 2283 345 2335 aceto
370 2285 400 2335 et
420 2274 515 2334 mellis
535 2273 648 2353 cyathis
666 2272 772 2352 trihus,
791 2271 947 2333 calculosis
966 2292 1002 2333 ex
1021 2293 1108 2353 passo

96 2365 196 2444 mixto,
222 2371 365 2442 quantum
389 2381 494 2423 manus
518 2365 605 2444 capit,
629 2371 680 2422 aut
702 2370 779 2422 testa
800 2361 950 2422 auriculae
969 2365 1108 2424 marinae.

54 2469 81 2510 25
97 2451 182 2521 Quod
206 2452 454 2513 medicamentum
479 2452 565 2513 datur
588 2469 643 2530 per
666 2451 729 2512 dies
748 2449 831 2524 XLV,
856 2453 941 2511 cuius
963 2450 1107 2513 beneficio

96 2543 126 2600 iu
154 2539 295 2600 harenam
323 2540 479 2601 solvuntur
506 2540 619 2620 lapides
647 2542 678 2600 in
708 2541 822 2600 vessica
848 2541 973 2620 reperti3
1001 2540 1107 2620 hydro·

95 2631 170 2707 picis
194 2636 292 2689 autem
317 2647 352 2688 ex
376 2628 465 2690 mulsi
489 2631 574 2689 mixti
596 2628 709 2709 cyathis
732 2628 829 2689 trihus
853 2627 983 2688 dandum
1007 2639 1061 2689 est.

185 2717 294 2776 Contra
314 2716 458 2778 calculum
479 2726 508 2777 et
527 2717 598 2777 alias
615 2716 805 2777 difficultates
821 2718 951 2776 vessicae
966 2717 1107 2797 lapillum,
1128 2728 1160 2776 12

97 2807 149 2882 qui
171 2806 202 2863 in
227 2804 380 2882 gallinacei
403 2807 516 2866 vessica
540 2814 590 2866 aut
612 2807 643 2865 in
662 2805 793 2882 palumbi
812 2804 976 2864 ventriculo
996 2808 1107 2864 inveni-

55 2913 82 2953 ao
97 2901 161 2972 tur,
189 2897 304 2952 conteri
332 2901 362 2954 et
389 2897 506 2973 aspergi
531 2895 645 2972 potioni
667 2893 797 2971 prodest.
839 2892 913 2953 ltem
936 2893 1107 2963 membrana

96 2982 256 3042 ventriculi
274 2984 338 3042 eius
356 2984 435 3057 trita,
454 2983 542 3042 timus
562 2999 680 3060 quoque
700 2980 886 3042 columbinus
902 2983 932 3041 in
948 2981 1013 3042 laha
1029 3000 1107 3042 sum-

96 3079 177 3151 ptuS,
206 3073 277 3131 item
305 3071 421 3150 glehula
450 3071 486 3131 de
517 3070 586 3130 nido
617 3069 812 3130 hirundinum
845 3069 937 3130 diluta
966 3089 1001 3130 ex
1032 3089 1107 3150 aqua

96 3159 188 3220 calida
212 3170 280 3238 pota
304 3160 435 3238 prodest.

185 3319 200 3366 2
226 3312 529 3437 Cosiliniplsnspectum
554 3313 603 3366 hoc
629 3327 738 3378 minen,
762 3313 840 3367 cetos
867 3313 923 3368 loco
946 3311 1109 3366 Scribonius

91 3389 216 3452 praestat
236 3383 296 3438 caii
314 3382 345 3438 Iu
361 3384 376 3437 '.
467 3390 482 3438 6
502 3381 688 3452 denariorum,
707 3384 770 3437 item
790 3389 814 3438 7.
900 3387 932 3437 18
951 3380 1107 3449 saxifrigae.

96 3459 130 3509 19
154 3451 360 3510 denariorum·
429 3460 463 3509 26
486 3457 598 3509 herena.
693 3453 844 3524 ydropicis.
934 3457 967 3507 2⁵(
992 3452 1039 3504 est
1058 3465 1115 3502 om.

95 3531 129 3579 32
148 3525 231 3580 idem.
304 3525 498 3582 harundinum.
