2438 3802
512 149 750 214 -180-

58 315 104 376 ’30
123 315 202 374 sicut
220 320 356 373 cerotum
374 312 495 373 linteolo
514 312 666 372 inductam
680 313 783 391 inponi
798 319 923 390 oportet.
953 311 995 370 lle
1010 329 1137 392 parony-

122 402 189 463 chia
211 403 355 480 parietem
379 403 533 480 continges
561 409 591 461 et
619 418 739 461 rursum
768 400 894 478 digitum
917 399 1030 460 ducens
1054 400 1137 461 dices

121 500 182 552 ter:
195 490 240 550 Pu
254 509 360 571 papa,
374 507 536 569 numquam
552 507 605 567 ego
620 496 649 549 te
666 489 778 549 rideam
792 507 847 567 per
860 489 1005 562 parietem
1019 506 1137 567 repere.

68 593 101 642 31
210 579 255 640 Ad
278 579 438 658 digitorum
463 586 493 639 et
515 577 709 638 articulorum
733 576 902 638 subluvium
925 576 970 637 vel
989 595 1137 656 suppura-

121 669 233 729 tionem
262 667 420 728 sedandam
448 674 645 728 atramentum
674 668 865 745 scriptorium
894 683 928 725 ex
955 674 1038 726 aceto
1063 674 1165 727 tem-e

121 775 192 836 pera
216 764 246 817 et
269 757 306 817 de
327 755 448 836 pinnula
472 755 564 816 inline
589 756 716 834 digitum
735 754 781 815 vel
799 754 957 815 articulum
977 754 1139 836 dolentem,

121 846 260 906 lucernae
290 863 408 924 quoque
436 845 560 924 iungam
589 853 710 905 contere
743 852 773 904 et
800 845 909 924 inpone
937 843 1139 923 paronychiae

121 933 168 994 vel
191 934 283 1012 digito
307 941 442 995 contuso.

69 1035 103 1084 aa
212 1023 254 1082 tu
274 1021 368 1083 cubiti
386 1025 489 1084 vitium
509 1021 555 1083 vel
574 1021 706 1083 dolorem
725 1039 829 1100 spuma
849 1023 965 1100 argenti
981 1023 1052 1083 trita
1067 1041 1141 1085 cum

122 1109 187 1171 oleo
211 1129 333 1172 rosaceo
357 1111 510 1192 emplastri
532 1110 619 1174 modo
642 1109 756 1172 utiliter
779 1109 960 1172 admovetur.
1154 1129 1179 1170 10

524 1305 603 1368 dtr.
622 1304 734 1365 XVllll.

121 1419 175 1473 Ad
197 1417 367 1473 lichenem
389 1417 459 1473 sive
482 1421 696 1487 mentagram
718 1416 775 1473 vel
796 1415 1017 1486 inpetiginem
1039 1419 1141 1474 etad

123 1505 381 1576 elephantiasim
403 1508 439 1560 et
461 1505 591 1575 lepram
613 1508 649 1561 et
672 1505 912 1562 exanthemata
932 1509 966 1562 et
983 1507 1139 1563 maculas

122 1598 158 1650 et
175 1595 300 1650 livores
314 1596 535 1664 tumoresque
549 1596 592 1650 de
607 1594 693 1651 faeie
712 1594 897 1650 abolendos
916 1597 951 1650 et
969 1595 1014 1650 ad
1033 1608 1140 1663 genas

122 1684 259 1739 scabras
283 1684 317 1739 et
340 1681 513 1739 cicatrices
535 1683 705 1739 malarum
727 1683 921 1752 purgandas
945 1685 980 1738 et
1003 1684 1048 1738 ad
1065 1684 1138 1741 len·

122 1772 243 1840 tlgines
277 1774 312 1827 et
339 1771 496 1840 stigmata
527 1771 674 1828 delenda
704 1783 934 1840 romanaeque
966 1772 1140 1829 tollendas

215 1861 366 1917 remedia
387 1860 601 1917 rationabilia
624 1863 658 1917 et
680 1859 820 1930 physica
843 1860 976 1916 diversa
999 1861 1042 1916 de

503 1949 754 2020 experimentis.

89 2099 103 2147 1
211 2084 255 2146 Ad
279 2085 511 2148 lichenem-sive
530 2093 722 2166 mentagram,
746 2084 825 2164 quod
844 2086 947 2145 vitium
967 2084 1139 2164 neglectum

123 2173 199 2234 solet
226 2193 280 2253 per
309 2183 400 2236 totam
428 2175 532 2236 faciem
561 2183 591 2235 et
618 2193 672 2254 per
699 2181 795 2234 totum
823 2191 932 2252 eorpus
961 2191 1083 2253 serpere
1107 2185 1139 2236 et

122 2261 225 2340 plures
248 2262 383 2322 homines
403 2265 572 2344 inquinare3
596 2281 664 2323 nam
684 2261 815 2322 Soranus
834 2261 968 2324 medicus
988 2264 1138 2342 quondam

123 2349 261 2409 ducentis
289 2349 459 2410 hominibus
486 2351 543 2411 hoc
571 2349 675 2411 morbo
703 2349 906 2411 laborantibus
935 2352 1074 2413 curandis
1105 2355 1138 2413 in

123 2436 280 2515 Aquitania
303 2455 334 2497 se
353 2437 468 2498 locavit.
505 2437 581 2500 Huic
601 2457 672 2518 ergo
691 2437 852 2499 valetudini
871 2441 997 2500 maxime
1017 2441 1137 2502 meden-
1153 2457 1179 2498 aa

123 2533 174 2586 tur
202 2525 388 2586 cantharides
416 2527 503 2586 tritae
531 2535 561 2588 et
586 2526 686 2588 inlitae
711 2545 779 2588 cum
803 2546 874 2589 suco
899 2547 972 2590 uvae
995 2529 1137 2591 Amineae

123 2621 154 2673 et
177 2631 245 2673 cum
269 2631 338 2674 sevo
362 2615 425 2674 ovis
448 2613 493 2674 vel
516 2633 631 2696 caprae,
656 2616 707 2676 sed
731 2618 814 2697 prius
836 2618 910 2678 facie
929 2617 988 2678 lota
1007 2626 1038 2679 et
1057 2621 1137 2680 nitro

88 2713 104 2761 2
123 2701 280 2780 diligenter
300 2710 402 2764 curata
416 2703 599 2766 medicamen
614 2706 785 2785 imponitur.
814 2706 912 2785 hdeps
927 2707 1011 2768 vituli
1029 2711 1139 2770 marini

77 2802 104 2852 ’3
122 2791 251 2871 inposita
270 2800 438 2873 mentagrae
456 2792 618 2874 plurimum
632 2794 763 2876 prodest.
795 2794 912 2862 Ficulni
926 2795 1025 2857 caules
1041 2799 1139 2858 teneri

212 3005 228 3054 5
243 3000 419 3070 scriptorium
429 3001 597 3071 Stephanae:
611 3001 778 3072 scriptorum
794 2999 954 3056 Carnarius.
1003 3007 1034 3056 13
1049 3003 1135 3059 Hane

123 3069 211 3126 masna
229 3076 279 3126 ant
295 3073 385 3140 ipsias
404 3073 533 3129 Marcelli
551 3079 601 3128 ant
620 3073 731 3127 librarii
749 3072 916 3142 neglegentia
933 3075 1055 3142 praviter
1074 3089 1132 3130 cor-

122 3146 235 3210 ruptam
257 3158 312 3198 esse
334 3159 348 3198 e
369 3143 451 3199 Plini
473 3149 531 3199 nat.
550 3145 611 3200 hist.
633 3142 757 3210 XXVI,
776 3146 794 3196 4
816 3148 945 3212 apparet,
969 3145 1048 3199 caina
1071 3146 1137 3201 haec

122 3216 189 3266 senet
201 3213 296 3268 oseba:
315 3215 422 3268 eertum
436 3217 480 3268 est
493 3213 640 3268 Manilium
655 3211 808 3267 cornutum
824 3228 838 3266 e
853 3214 992 3282 praetoris
1007 3215 1135 3284 legatum

123 3299 310 3368 Aquitanicae
328 3300 489 3371 provinciae
503 3300 549 3355 HS
564 3288 612 3356 c‘c'
627 3299 751 3355 elocasse
770 3301 800 3354 in
818 3317 852 3356 eo
868 3303 966 3358 morbo
982 3304 1138 3358 curandum

123 3385 195 3435 seem
209 3371 245 3438 cf.
255 3371 455 3453 Pseudo-'Plan
471 3372 504 3452 de
516 3373 609 3454 aredio.
620 3371 641 3437 1,
651 3375 683 3427 18
695 3372 745 3440 (ed.
756 3370 850 3440 Rosia
865 3371 986 3456 Manliae
996 3373 1136 3430 Cornutus

119 3440 236 3564 pxgptr
245 3457 420 3567 spreplrpffipl
421 3441 615 3568 11paumannos·
633 3441 744 3514 legatus
758 3440 847 3515 (Hs)
860 3441 902 3498 00
922 3462 952 3499 ιιι
969 3445 1023 3500 hoo
1037 3447 1137 3502 morbo
