2438 3802
476 182 719 247 -281-

88 345 177 408 melle
200 345 298 406 Attico
318 352 369 405 aut
388 362 457 405 eum
477 346 543 405 vino
563 353 682 405 austero
702 345 842 405 candenti
860 344 940 404 ferro
962 343 1104 406 calefacto

89 434 253 496 bibendum
277 434 457 514 dysinterice
482 433 579 514 dabis3
602 434 678 493 mire
701 433 844 512 proderit.

181 523 276 584 Ovum
305 523 545 584 recentissimum
574 524 689 600 aperies
713 530 743 582 et
765 523 797 582 in
820 520 943 582 calicem
965 521 1104 583 vacuabis
1123 532 1158 582 39

92 631 126 675 ac
154 620 261 673 testam
289 614 353 672 eius
381 610 518 690 implebis
546 609 632 670 melle
656 613 767 689 optimo
792 610 965 689 despumato
988 629 1105 671 necnon

64 701 157 765 ooleo
185 700 274 761 viridi
300 699 379 760 bono
408 707 438 759 et
465 701 497 759 in
523 701 623 779 ipsum
646 699 768 760 calicem
792 699 936 760 defundes
959 719 993 760 ae
1017 699 1106 761 simul

93 791 192 851 omnia
215 787 410 867 permiscebis
431 795 461 848 et
480 788 531 849 diu
550 786 674 891 agitabis
694 806 727 848 ae
746 796 849 866 postea
868 790 899 848 in
918 789 1012 849 calida
1030 807 1106 868 aqua

93 881 193 957 ipsum
216 877 338 938 calicem
361 876 522 956 tepefacies
546 884 577 937 et
600 879 643 936 sic
662 876 746 936 dabis
765 877 954 959 dysinteriee,
978 879 1028 939 cui
1045 895 1106 938 me·

94 967 224 1028 dendum
247 968 317 1046 erit3
340 967 415 1026 mire
438 965 581 1068 proderit

183 1055 244 1115 Ros
262 1056 411 1114 marinum
431 1056 493 1114 sire
511 1053 585 1114 rhus
604 1053 757 1134 orientale,
781 1053 860 1133 quod
880 1061 926 1114 est
949 1056 1105 1135 minutum,
1124 1062 1159 1112 40

53 1166 80 1207 ao
94 1143 220 1224 rebium,
245 1143 341 1203 simile
364 1141 532 1222 lenticulae,
556 1150 698 1221 quantum
722 1141 819 1202 tribus
838 1141 939 1220 digitis
958 1143 1106 1221 prendere

93 1234 237 1313 potueriS,
260 1233 361 1292 mittes
384 1233 415 1291 in
439 1232 613 1291 mortarium
632 1238 663 1291 et
681 1238 761 1290 teres
780 1249 849 1290 cum
867 1232 936 1290 vino
956 1239 985 1291 et
1002 1239 1106 1310 postea

93 1324 126 1382 in
153 1321 232 1383 aliud
261 1319 413 1381 vasculum
440 1321 541 1379 mittes
569 1318 692 1379 calidam
716 1326 805 1398 atque
828 1318 870 1379 ibi
893 1321 1054 1398 tepefacies
1077 1329 1107 1380 et

95 1412 138 1471 sic
162 1409 245 1470 dabis
269 1409 451 1488 dysinteriae
474 1407 650 1488 bibendum,
678 1410 777 1468 statim
804 1407 1030 1489 remediabitur3
1054 1408 1107 1469 sed

93 1517 149 1578 per
170 1498 303 1559 triduum
327 1498 502 1558 continuum
525 1496 582 1556 hoc
600 1497 765 1558 remedium
785 1504 815 1557 et
832 1503 945 1579 postea,
968 1499 1107 1576 quotiens

52 1607 79 1649 15
93 1589 185 1650 luerit
207 1588 419 1667 necessarium,
442 1583 535 1645 dabis.

182 1675 298 1736 Vitrem
320 1683 402 1736 teres
425 1673 583 1752 diligenter
604 1682 634 1734 et
658 1673 797 1734 criblabis
816 1683 846 1734 et
865 1676 996 1734 masticis
1017 1692 1107 1752 grana
1126 1680 1159 1729 41

93 1772 175 1824 teres
198 1772 286 1842 atque
310 1765 413 1842 aequis
436 1765 586 1822 mensuris
609 1761 803 1842 permiscebis
822 1770 853 1822 et
871 1781 907 1822 ex
925 1763 972 1824 his
992 1762 1108 1842 singula

95 1852 240 1914 coclearia
263 1852 442 1931 dysinterieo
470 1853 502 1910 in
528 1853 597 1911 vino
625 1859 710 1911 cocto
734 1852 943 1929 pertriduum
968 1851 1013 1911 vel
1036 1870 1107 1930 quo-

95 1942 174 2000 tiens
197 1957 272 2019 epus
295 1939 386 2000 luerit
408 1939 505 2021 dabis,
528 1939 684 2000 miraberis
708 1940 874 2000 remedium
896 1942 1108 2019 experimentis

55 2048 83 2088 ao
96 2027 264 2108 probatum.

184 2116 229 2177 Ad
262 2116 454 2196 dysinteriam
486 2116 651 2178 remedium
685 2117 895 2178 efficassimum
924 2119 981 2178 sic:
1013 2117 1107 2178 llosae
1126 2123 1160 2171 42

95 2206 244 2267 silvaticae
267 2205 355 2266 bacas
379 2205 533 2287 oblongas,
557 2205 748 2287 rubicundas,
770 2213 911 2286 maturas,
933 2209 1031 2285 inpari
1053 2225 1107 2267 nu-

95 2314 177 2356 mero
193 2294 239 2355 vel
253 2293 303 2354 Vll
318 2294 364 2354 rel
378 2293 457 2354 Vllll
471 2294 516 2354 vel
532 2293 572 2354 Xl
591 2297 676 2355 tritas
693 2295 851 2374 diligenter
865 2295 948 2356 dabis
963 2294 1109 2356 laboranti

95 2385 275 2464 dysinterieo
299 2383 336 2444 ad
359 2385 489 2462 potionis
513 2383 634 2444 medem
657 2402 725 2444 cem
748 2383 835 2444 melle
858 2383 956 2445 Attico
982 2386 1109 2464 styptica

55 2489 81 2531 aa
96 2473 141 2533 vel
159 2475 228 2534 vino
248 2480 359 2552 vetere,
382 2474 408 2532 si
426 2490 486 2532 non
505 2471 695 2551 febricitabit,
718 2472 765 2533 vel
785 2491 853 2533 cum
872 2491 957 2552 aqua,
977 2475 1003 2533 si
1021 2473 1109 2533 lebri-

95 2561 212 2643 eitabit‚
240 2569 270 2621 et
299 2562 326 2620 si
353 2578 477 2621 necesse
505 2560 610 2642 luerit,
637 2561 849 2640 pertriduum
875 2561 972 2644 dabis3
1000 2564 1109 2623 mirum

95 2651 259 2729 experieris
283 2649 458 2710 remedium.

184 2737 229 2797 ld
253 2737 450 2816 dysintericos
473 2739 582 2798 mirum
606 2738 785 2818 remedium,
814 2738 893 2816 quod
921 2747 1055 2799 ventrem
1080 2745 1110 2798 et
1128 2742 1162 2790 43

95 2834 204 2904 purgat
227 2835 258 2885 et
281 2826 414 2904 stringit,
439 2826 496 2884 sie:
520 2823 611 2904 Gypsi
635 2828 787 2905 peregrini
809 2828 874 2886 triti
896 2859 940 2869 —
959 2827 980 2906 l,
1005 2844 1109 2905 specu·

53 2913 168 2974 solaris
191 2911 330 2974 conbusti
353 2913 418 2972 triti
438 2943 477 2954 -
494 2911 516 2992 l,
539 2912 576 2972 de
599 2916 685 2974 testis
709 2923 875 2975 ostrearum
895 2914 1109 2975 conbustarum

96 3035 139 3045 —
158 3000 180 3062 l.
213 3000 292 3061 Haec
312 3000 410 3060 emnia
428 3007 621 3080 posteaquam
640 3003 710 3062 trita
729 3004 841 3063 scierint
860 3010 889 3063 et
908 3005 1007 3084 mixta,
1027 3003 1110 3064 tollet

96 3090 175 3171 inde,
196 3091 247 3169 qui
266 3088 348 3150 dabit
365 3089 541 3170 remedium,
559 3089 657 3151 tribus
676 3090 777 3170 digitis
795 3091 947 3170 prioribus
966 3111 1034 3154 eum
1048 3091 1109 3172 pol-

95 3179 152 3240 lice
184 3185 328 3259 quantum
356 3178 447 3240 semel
475 3197 581 3258 capere
608 3182 754 3261 potuerit,
785 3188 815 3240 et
842 3182 873 3240 in
901 3183 1021 3259 potione
1050 3183 1110 3242 vini

188 3339 202 3387 1
235 3331 320 3388 melle
351 3330 448 3388 Attico
480 3333 598 3402 scripsi.-
632 3333 757 3388 mellico.
903 3339 918 3387 7
949 3333 1110 3402 dysinteria.

96 3411 112 3461 9
141 3404 278 3461 orientale
305 3405 417 3473 serpsi:
446 3403 620 3460 orientalem.
731 3410 763 3458 12
792 3403 915 3458 vasculo.
1002 3408 1035 3458 18
1065 3418 1110 3456 co-

94 3479 220 3618 pacm
234 3481 267 3530 19
287 3474 380 3547 dabis]
399 3473 520 3530 dabitur.
582 3481 617 3530 24
636 3472 720 3529 melle
739 3473 835 3529 Attice
855 3473 971 3542 scripsi:
984 3471 1124 3525 mesmes.
