2438 3802
489 120 729 238 -ms-

101 337 174 398 teris
203 337 385 415 summatim,
413 334 523 394 adicies
552 336 735 395 semunciam
762 334 921 414 zingiberis
949 341 980 395 et
1002 337 1114 414 piperis

101 426 166 503 triti
190 423 287 504 -ll,
310 423 478 502 petrosilini
503 456 541 465 -
563 422 575 483 l
600 430 631 483 et
653 423 741 484 simul
764 426 875 485 iterum
898 425 1056 503 discoques
1080 443 1114 484 ac

102 521 204 592 postea
227 511 367 572 miscebis
390 511 525 592 mulsam,
548 512 600 572 ubi
623 519 708 573 cocta
731 513 844 572 fuerint
863 512 1002 591 cydonea,
1025 520 1115 591 atque

103 605 143 662 ita
170 604 201 662 in
228 600 347 661 vasculo
374 601 462 660 vitrio
490 601 636 661 recondes
670 609 700 661 et
727 619 796 661 cum
824 619 898 680 opus
927 601 1029 676 fuerit,
1060 618 1115 679 per

77 689 236 751 ococleare
259 691 378 749 ieiunus
401 691 538 768 accipies.

193 777 344 837 Stomachi
363 784 393 837 et
411 779 515 856 capitis
537 776 664 858 dolores,
683 786 796 838 tussem
816 795 934 856 quoque
948 776 1109 856 longasque
1118 791 1170 842 12⁷

105 866 304 944 aegritudines
332 873 417 926 curat
445 874 474 926 et
502 866 690 943 dysintericis
718 867 868 947 medetur,
898 865 1116 945 leptopyrexias

105 962 197 1034 sanat,
216 953 310 1014 dolori
328 956 418 1015 etiam
437 954 567 1015 faucium
586 963 616 1015 et
631 955 796 1034 synanchae
812 957 963 1015 succurrit
980 955 1038 1015 tale
1055 973 1115 1014 mc-

104 1043 252 1104 dioamen:
279 1042 394 1122 Pipcris
418 1043 476 1103 albi
503 1076 540 1086 -
564 1043 576 1103 Ι
596 1043 630 1121 S,
654 1043 750 1104 mellis
773 1045 864 1104 Attici
890 1077 927 1086 —
950 1043 1015 1124 IS,
1039 1045 1117 1104 asari

64 1153 89 1192 ιο
107 1164 144 1174 -
160 1130 181 1211 1,
200 1133 374 1213 vettonicae,
394 1132 565 1213 saxifragae,
583 1133 679 1192 casiae
698 1132 813 1193 fistulae
833 1132 950 1211 pondus
969 1140 1116 1211 utsupra.

103 1219 182 1280 llaec
206 1222 304 1280 omnia
327 1223 397 1282 trita
421 1239 489 1281 cum
512 1220 686 1300 despumato
710 1221 796 1281 melle
816 1220 956 1280 miscebis
979 1227 1009 1280 et
1032 1218 1116 1279 dabis

104 1308 282 1369 coclearium
306 1309 417 1387 grande
440 1309 561 1387 plenum
582 1327 619 1369 er
638 1309 757 1370 condito
776 1311 910 1390 mixtum,
934 1307 1117 1368 febricitanti

104 1415 174 1457 vero
198 1416 233 1458 ex
256 1416 332 1476 aqua
355 1397 456 1458 calida.

192 1486 365 1546 Antidotum
389 1486 543 1565 multiplex
566 1487 602 1547 ad
626 1487 717 1548 multa
739 1486 870 1546 remedia
893 1487 1000 1564 recipit
1022 1484 1170 1547 haectms

63 1595 89 1635 15
104 1573 189 1635 Croci
209 1568 249 1661 β
265 1573 324 1648 XV,
343 1577 456 1653 piperis
475 1575 534 1636 albi
551 1609 589 1619 -
605 1575 632 1636 ll
648 1576 677 1657 S,
696 1577 804 1636 amomi
823 1577 1014 1653 semunciam,
1030 1591 1116 1652 pyre-

103 1662 164 1722 thri
187 1665 378 1740 semunciam,
403 1663 490 1723 dauci
508 1663 618 1725 Cretici
637 1665 828 1742 semunciam,
851 1663 914 1723 lolii
932 1661 1116 1742 malabathri,

104 1751 328 1830 nardostachys,
353 1753 463 1832 casiae,
489 1754 548 1832 apii
571 1755 703 1834 seminis,
727 1752 853 1832 euforbi,
877 1758 961 1812 rutae
985 1752 1117 1830 seminis,

105 1839 284 1919 petrosilini,
312 1857 397 1900 rosae
422 1843 531 1922 siccae,
555 1844 616 1919 opii
639 1841 769 1920 singulas
793 1843 974 1919 semuncias,
997 1837 1117 1917 opobal-

106 1930 181 1987 sami
209 1921 248 2013 β
273 1927 322 2009 Vl,
349 1928 445 1989 mellis
473 1929 543 1991 boni
571 1929 602 1990 P.
626 1929 665 2009 ll,
694 1931 823 1989 cinnami
852 1929 1042 1988 semunciam.
1086 1926 1118 1986 Si

64 2038 91 2078 ao
106 2034 166 2075 non
185 2017 275 2077 luerit
293 2020 471 2098 cinnamum,
494 2020 593 2078 mittes
612 2020 708 2078 casiae
730 2016 846 2078 fistulae
865 2016 988 2094 duplum
1007 2033 1062 2095 pro
1082 2033 1117 2074 eo

105 2113 135 2164 et
158 2105 230 2166 haec
254 2108 352 2166 omnia
375 2115 463 2166 tunsa
486 2105 626 2167 criblabis
649 2105 771 2167 cribello
795 2107 879 2165 tenui
897 2111 928 2164 et
946 2106 990 2164 sic
1008 2105 1118 2163 misces

104 2195 206 2272 opium
230 2213 298 2255 cum
322 2194 408 2255 melle
430 2203 461 2255 et
478 2197 579 2256 mittes
597 2197 629 2255 in
648 2196 823 2256 mortarium
843 2201 873 2254 et
892 2192 1118 2272 diligentissime

104 2292 193 2363 teres,
213 2283 307 2344 donec
326 2301 420 2345 uuum
439 2303 548 2364 corpus
568 2285 627 2366 fiat,
651 2303 685 2344 ac
705 2285 747 2344 sic
767 2284 864 2343 omnia
884 2283 1031 2360 permixta
1050 2282 1118 2341 mit·

104 2380 150 2432 tes
173 2373 204 2431 in
228 2371 369 2432 doliolum
392 2375 533 2454 vitreum3
563 2392 631 2434 cum
655 2391 729 2452 opus
753 2371 851 2453 fuerit,
875 2389 911 2432 ex
933 2371 991 2431 hoc
1015 2369 1118 2430 culicis

63 2460 187 2520 esiabae
211 2460 405 2539 Aegyptiacae
429 2462 632 2540 magnitudine
656 2480 724 2523 cum
747 2479 840 2540 aquae
861 2459 985 2539 frigidae
1004 2458 1119 2539 cyathis

104 2547 202 2609 tribus
220 2551 305 2627 potui
324 2549 416 2630 dabis,
439 2553 623 2631 iocinerosis,
645 2553 697 2630 qui
719 2552 803 2611 iecur
818 2551 947 2628 graviter
966 2547 1119 2622 dolebunt,

105 2655 172 2697 cum
197 2639 264 2697 vino
287 2637 382 2698 mulso
406 2638 499 2720 dabis,
523 2648 557 2700 ut
580 2658 670 2718 supra
693 2641 837 2718 scriptum
862 2646 916 2718 est,
942 2637 1118 2716 epilepticis,

106 2743 181 2803 quos
200 2727 327 2787 caducos
347 2726 458 2807 dicunt,
478 2727 562 2787 dabis
583 2735 733 2805 utsupra,
752 2726 918 2804 pleuriticis
938 2743 1007 2785 cum
1025 2742 1119 2803 aquae

105 2812 217 2874 mulsae
246 2814 329 2875 dabis
357 2816 470 2894 cyathis
499 2814 610 2893 tribus,
639 2815 823 2873 stomachum
852 2812 1021 2872 dolentibus
1050 2829 1118 2871 cum

63 2919 92 2960 eo
106 2919 213 2979 poscae
242 2904 355 2982 cyathis
383 2903 494 2981 tribus,
522 2902 724 2980 dysintericis,
753 2903 804 2978 qui
834 2900 986 2978 persoluto
1015 2905 1119 2958 ventre

106 3001 189 3071 sunt,
218 3010 286 3052 cum
310 3009 386 3070 aqua
409 2990 516 3068 frigida
539 2988 635 3069 dabis,
663 2988 824 3066 periodiois
847 2986 981 3046 febribus
1005 2987 1057 3064 qui
1080 2985 1121 3046 la-

105 3078 221 3160 borant,
240 3080 269 3140 id
290 3087 336 3140 est
355 3077 576 3141 accessionibus
595 3077 711 3138 diurnis
729 3084 759 3137 et
772 3076 936 3155 nocturnis,
956 3092 1025 3134 oum
1044 3092 1120 3153 aqua

105 3168 199 3229 calida
228 3167 325 3248 dabis,
354 3168 463 3247 quibus
491 3167 596 3228 dentes
626 3164 727 3226 dolent
751 3172 780 3226 et
806 3163 915 3243 quibus
939 3164 1060 3242 sanguis
1083 3163 1121 3224 de

106 3258 233 3335 gingivis
257 3256 369 3337 defluit,
393 3275 460 3317 oum
479 3275 569 3336 posca
593 3254 699 3334 frigida
719 3263 770 3316 aut
789 3271 858 3315 cum
876 3254 944 3313 vino
964 3251 1056 3333 dabis,
1079 3253 1121 3312 ita

197 3390 409 3448 idisinlericis.
459 3390 664 3462 leptoperitias.
715 3389 887 3446 8sinanohi.
940 3391 973 3442 15
992 3386 1121 3457 pirelhri.

109 3468 142 3517 16
165 3461 352 3543 malabathri]
373 3461 518 3517 alabastri.
610 3468 644 3518 17
667 3459 869 3544 nardostaobis.
933 3464 999 3521 ,tm
1019 3457 1133 3511 mittis.

106 3537 141 3587 at
161 3533 377 3603 epilempthrors.
450 3539 484 3588 30
504 3533 600 3604 cyalis.
675 3533 872 3606 disynbemcas.
