2438 3802
517 125 736 190 ..gp-

117 298 234 352 vetusto
268 290 315 350 vel
346 287 524 368 pedunculis
557 305 660 348 exesas
696 286 861 347 remedium
892 304 1035 366 praesens
1068 287 1136 348 bar-

118 380 251 441 baricum
275 378 410 458 quidem,
438 377 490 438 sed
514 375 616 437 multis
639 376 810 455 probatum:
839 375 1037 436 scarabaeum
1061 376 1136 455 pilo-

118 487 201 549 sum,
225 470 277 548 qui
300 467 404 528 similis
434 473 479 526 est
503 464 661 526 scarabaeo
690 483 774 546 vero,
802 466 834 524 in
862 463 984 544 sepibus
1006 467 1136 526 vetustis

118 559 259 637 lapidosis
292 564 343 616 aut
372 558 404 615 in
436 555 555 615 fossatis
586 556 702 634 sepium
734 555 885 634 requires,
913 555 965 632 qui
997 555 1137 614 cutiones

120 655 190 708 sunt
227 645 325 707 colore
362 643 550 724 pseudollavo
586 646 672 722 quasi
708 642 827 702 leonino
866 641 953 721 pilosi
989 641 1165 704 lucentess

120 737 195 796 Ante
219 752 289 812 ergo
309 752 398 812 quam
416 731 499 793 illum
519 734 669 792 cntionem
688 731 782 812 tollas,
801 730 905 791 folium
924 730 1017 791 caulis
1036 733 1137 810 primo

120 842 205 884 mane
229 841 298 883 cum
321 840 375 882 suo
400 821 457 882 sibi
476 839 544 881 rore
563 820 610 881 vel
628 827 712 900 gutta
731 819 871 881 conclusa
890 821 920 879 in
940 819 1045 880 eodem
1064 820 1136 881 folio

120 919 270 992 teneatur,
294 919 335 990 ut,
358 910 411 970 ubi
434 912 583 971 cntionem
606 909 691 970 illum
712 909 862 969 inveneris
888 907 1049 987 digitisque
1072 909 1137 987 pol-

120 1001 176 1062 lice
204 1008 234 1061 et
262 999 429 1061 medicinali
457 999 702 1079 adprehenderis,
731 997 889 1058 confestim
916 1015 1007 1076 supra
1031 997 1136 1058 folium

120 1089 193 1150 illud
217 1089 310 1151 caulis
333 1097 444 1168 teneas,
468 1096 502 1148 ut
525 1105 616 1166 supra
638 1095 752 1166 guttam
776 1086 855 1146 illam
877 1085 983 1148 lotium
1002 1087 1067 1147 eius
1086 1106 1136 1147 cx·
1152 1106 1178 1145 ro

121 1181 226 1259 cipias,
252 1181 320 1257 quia
344 1177 396 1239 ubi
419 1195 508 1238 manu
532 1175 736 1256 adprehensus
760 1175 864 1255 fuerit,
888 1177 986 1235 statim
1010 1193 1042 1236 se
1066 1175 1137 1236 sub·

120 1270 211 1328 meiit.
250 1265 470 1328 Provideudum
494 1283 574 1346 ergo,
597 1272 631 1326 ut
654 1263 784 1325 velocius
813 1282 903 1342 supra
931 1263 1035 1325 folium
1062 1264 1136 1326 illud

122 1356 214 1418 caulis
233 1363 369 1436 ponatur,
393 1373 430 1415 ne
449 1353 554 1416 lotium
573 1356 647 1435 eius,
667 1352 746 1432 quod
765 1354 823 1414 cito
844 1352 976 1432 effundit,
1000 1351 1071 1414 alibi
1087 1371 1137 1414 ex-

122 1446 214 1525 cidat3
242 1445 321 1524 quod
349 1445 541 1504 commixtum
570 1462 638 1504 cum
666 1442 716 1503 illo
742 1460 810 1502 rore
835 1441 928 1502 caulis
952 1460 1006 1521 per
1029 1442 1137 1520 specil-

121 1535 183 1594 lum
202 1532 350 1612 palpebris
369 1534 495 1611 inpones
514 1538 545 1592 et
567 1531 631 1591 loca
654 1530 758 1592 scabra
781 1530 827 1592 vel
850 1549 939 1591 exesa
961 1533 1041 1591 inter
1059 1531 1138 1610 pilos
1153 1549 1179 1590 15

121 1639 280 1701 perunges,
304 1620 442 1680 effectum
466 1621 510 1679 rei
533 1621 592 1680 cito
616 1619 781 1680 miraberis.
822 1619 907 1690 Quod
931 1621 957 1680 si
980 1638 1051 1680 casu
1075 1639 1137 1681 uno

121 1714 153 1771 in
180 1710 245 1770 loco
275 1707 320 1769 vel
348 1711 379 1768 in
407 1707 532 1768 diversis
565 1707 668 1788 plures
701 1710 775 1769 istos
808 1711 944 1770 cutiones
976 1709 1137 1792 inveneris,

122 1800 255 1858 omnium
282 1797 387 1858 lotium
415 1797 461 1858 vel
489 1815 637 1878 umorem,
665 1797 914 1876 quemadmodum
938 1797 1080 1878 diximus,
1104 1799 1136 1858 in

122 1887 191 1946 folio
220 1886 312 1947 caulis
340 1886 434 1948 umidi
462 1888 560 1948 statim
589 1886 625 1947 dc
653 1886 740 1947 horto
770 1887 923 1965 suscipere
954 1885 1077 1946 debebis
1106 1895 1137 1947 et

122 1975 245 2038 adiectis
269 1978 362 2054 guttis
385 1977 511 2037 aliorum
535 1976 571 2036 de
591 1975 674 2037 caule
693 1975 832 2036 foliorum
850 1977 881 2034 in
900 1974 1019 2036 vasculo
1040 1977 1136 2036 vitreo
1151 1993 1178 2034 so

121 2066 298 2147 recondere,
327 2074 361 2126 ut
388 2085 457 2127 cum
485 2083 560 2144 opus
584 2065 676 2126 fuerit
699 2071 817 2145 praesto
841 2062 964 2145 habeas,
987 2060 1057 2143 quia
1081 2065 1136 2125 dif-

70 2154 244 2216 129frculter
271 2154 442 2215 huiusmodi
470 2153 611 2214 bestiolae
642 2155 844 2214 inveniuntur.
889 2152 933 2213 dd
966 2152 1136 2231 albuginem

122 2243 276 2304 oculorum
292 2241 503 2320 detergendam
517 2241 620 2303 efficax
635 2242 692 2302 hoc
707 2242 887 2303 remedium:
901 2240 1025 2321 Vulpem
1040 2244 1137 2302 vivam

122 2333 222 2409 capies
246 2332 332 2408 eique
356 2329 486 2408 linguam
514 2329 668 2408 praecides
692 2331 846 2409 ipsamque
871 2332 964 2391 viram
994 2331 1136 2409 dimittes,

121 2418 251 2496 linguam
281 2425 380 2478 autem
404 2420 469 2478 eius
497 2417 655 2479 arefactam
683 2417 840 2498 phoenicio
868 2418 973 2497 ligabis
1002 2428 1032 2480 et
1060 2419 1136 2480 collo
1151 2436 1177 2478 11

70 2507 201 2586 teocius,
217 2507 268 2585 qui
282 2505 451 2585 albuginem
465 2507 605 2586 patietur,
620 2507 793 2585 suspendes.
817 2506 933 2568 Herbae
948 2508 1136 2588 symphonia·

123 2613 174 2656 cae
199 2594 352 2656 surculum
375 2593 451 2656 collo
476 2597 550 2676 eius,
574 2597 625 2674 qui
651 2595 820 2674 albuginem
842 2598 964 2676 patitur,
987 2596 1048 2657 lino
1071 2616 1136 2658 sus·

122 2683 244 2765 pendes,
268 2685 365 2745 itaut
387 2702 442 2763 per
465 2684 529 2746 dies
552 2686 674 2764 triginta
697 2684 757 2745 illic
781 2687 832 2746 sit:
856 2693 967 2764 quanto
986 2688 1137 2747 recentior

69 2771 234 2852 tetalbugo
259 2773 363 2854 fuerit,
391 2781 472 2836 tanto
501 2775 590 2835 citius
619 2773 779 2836 sanabitur,
820 2773 1030 2835 Rosmarinum
1058 2793 1136 2836 eom-

122 2862 197 2923 bure
226 2871 256 2924 et
283 2862 436 2942 pulverem
466 2865 530 2925 eius
559 2883 627 2926 cum
655 2863 741 2926 melle
765 2863 862 2926 dttico
890 2863 1048 2942 diligenter
1071 2871 1136 2926 tere
1151 2881 1177 2922 so

122 2969 156 3013 ac
183 2953 332 3030 permisce
360 2961 448 3033 atque
476 2954 545 3014 iude
575 2956 700 3035 inunge,
728 2955 884 3015 confestim
912 2952 1071 3015 subvenies
1099 2955 1137 3035 ei,

71 3042 181 3120 132qui
209 3040 377 3121 albuginem
407 3044 526 3121 patitur.
570 3041 680 3104 Fnbam
708 3043 832 3103 fractam
863 3050 1019 3121 purgatam
1046 3050 1137 3121 atque

122 3137 220 3190 ustam
243 3129 279 3190 ad
303 3149 447 3191 summam
466 3131 614 3192 levitatem
639 3138 720 3191 teres
739 3137 769 3191 et
788 3129 890 3191 oculos
908 3131 978 3192 inde
997 3131 1136 3210 albugine

122 3225 284 3296 occupatos
303 3218 426 3279 adsidue
445 3236 482 3278 ex
500 3237 576 3297 aqua
595 3217 795 3298 circumlines,
820 3221 896 3278 miro
915 3221 1047 3281 remedio
1067 3220 1135 3282 sub·

72 3308 237 3368 tsevenies.
282 3305 378 3366 Piscis
406 3307 513 3366 marini
540 3306 621 3388 felle,
654 3309 706 3387 qui
738 3309 871 3386 scorpios
900 3307 1023 3390 dicitur,
1056 3309 1134 3370 oculi
1150 3323 1176 3367 aa

126 3396 242 3454 inuncti
266 3392 390 3471 caligine
414 3402 502 3472 atque
523 3393 660 3473 albugine
680 3398 813 3475 quamvis
833 3415 932 3458 crassa
951 3399 1010 3458 cito
1029 3398 1134 3460 libera-

70 3479 249 3545 tttbuntur.
296 3479 424 3558 Sanguis
450 3480 654 3545 columbarum
682 3484 719 3545 de
744 3483 809 3546 loco
833 3487 989 3566 pinnarum
1014 3505 1049 3547 eo
1074 3506 1134 3547 rno-
