2438 3802
507 125 745 190 -218-

68 301 118 350 138
210 287 319 349 Sabuci
341 287 417 348 liber
440 289 518 348 inter
542 289 684 348 corticem
705 294 735 348 et
754 286 907 347 surculum
926 305 1011 346 rasus
1031 293 1062 346 et
1081 288 1138 347 tri-

120 385 169 438 tus
197 386 286 457 atque
314 378 348 437 ad
377 378 463 437 nucis
491 374 639 454 iuglandis
667 375 899 454 magnitudinem
928 393 963 434 ex
987 392 1064 453 aqua
1088 374 1138 434 vel

120 466 216 528 mulso
239 473 329 545 potus
353 468 428 525 miro
452 464 539 524 modo
563 464 692 524 detrahit
715 463 803 523 bilem
827 482 861 524 ac
883 463 1069 523 stomachum
1089 481 1136 524 re·

69 555 210 617 139levat.
244 554 414 615 Vettonicae
436 551 546 612 herbae
570 553 638 613 lolia
661 555 692 613 in
711 552 816 613 umbra
835 552 961 612 arelacta
981 552 1136 612 contunde

122 652 151 705 et
176 643 267 705 cribla
291 651 379 720 atque
404 661 440 700 ex
464 660 498 701 eo
522 640 644 720 pulvere
667 641 819 720 paululum
843 648 873 700 et
895 639 992 700 mellis
1017 640 1164 702 decoctis

123 733 260 811 cyathum
283 748 375 791 unum
399 731 547 808 permisce
566 738 654 809 atque
673 730 741 790 inde
760 737 828 808 post
846 747 949 789 cenam
968 729 1004 789 ad
1024 731 1139 807 magni·

122 819 255 880 tudinem
271 820 376 878 ciceris
390 817 672 896 transgluttiendum
688 818 771 879 dabis
785 820 822 899 ei,
837 819 889 897 qui
902 817 1003 878 cibum
1017 819 1138 898 evomit,

72 909 227 969 140statim
255 914 354 985 potest
382 909 543 968 continere.
591 907 730 968 Radioom
756 906 912 968 ficulneam
940 908 1002 966 vini
1024 908 1138 966 veteris

122 995 227 1074 cyatho
255 1013 314 1055 uno
342 996 445 1056 inrade
473 1004 503 1056 et
530 998 703 1075 priusquam
731 1014 821 1056 cenes
849 994 895 1055 vel
918 993 1053 1055 cubitum
1077 1012 1138 1075 eas,

72 1083 232 1164 141bibito,
256 1085 376 1144 siritio
400 1084 545 1144 stomachi
567 1084 722 1144 laborabis.
759 1084 878 1145 Laseris
898 1085 961 1143 veri
984 1082 1137 1143 modicum
1152 1101 1176 1142 ro

125 1192 160 1233 ex
181 1192 273 1252 aquae
293 1173 416 1252 frigidae
435 1173 549 1252 cyathis
564 1181 703 1251 quattuor
717 1171 796 1232 dilue
812 1182 842 1232 et
856 1172 1017 1232 dormitum
1036 1173 1137 1231 iturus

123 1261 201 1344 bibe,
225 1271 258 1323 ut
281 1261 381 1322 cibum
404 1261 479 1322 bene
503 1279 679 1341 concoquas,
702 1268 753 1320 aut
776 1263 840 1321 cius
863 1260 994 1321 radicem
1017 1267 1137 1338 gustato

71 1351 288 1411 142dormitum
313 1351 434 1432 vadens,
457 1351 536 1410 idem
562 1349 617 1410 tibi
639 1349 809 1429 praestabit.
854 1347 964 1408 liorem
987 1351 1138 1408 marinum

123 1441 242 1500 ieiunus
270 1439 495 1499 commanducet
522 1447 573 1498 aut
600 1441 631 1499 in
660 1457 734 1518 aqua
758 1436 851 1498 calida
875 1447 1030 1498 excoctum
1054 1436 1138 1498 bibat

124 1530 176 1606 qui
199 1528 376 1588 cruditatem
398 1528 536 1606 patietur,
560 1530 659 1587 statim
683 1526 904 1587 remediabitur.
1151 1541 1176 1584 rs

73 1616 141 1676 143'
214 1617 384 1694 Conpositio
407 1616 537 1692 potionis
556 1615 592 1675 ad
613 1615 745 1676 dolorem
765 1615 909 1705 stomachi
927 1616 989 1674 sive
1009 1614 1045 1674 ad
1065 1632 1138 1675 nau·

125 1723 203 1765 seam
227 1703 446 1782 reprimendam
471 1705 527 1764 sic:
554 1703 670 1764 Herbae
693 1704 918 1785 mandragorae,
942 1721 1018 1781 quae
1040 1705 1138 1763 nasci·

124 1801 174 1853 tur
201 1795 233 1852 in
255 1792 328 1852 locis
354 1793 514 1872 montanis,
544 1811 634 1853 sucus
657 1811 816 1872 expressus
839 1793 875 1852 ad
899 1792 1040 1871 ponderis
1065 1794 1138 1852 scri-

124 1881 227 1959 pulum
256 1881 411 1942 dimidinm
434 1889 612 1961 potatusque
637 1900 673 1941 ex
696 1900 771 1960 aqua
794 1881 886 1942 calida
910 1881 1016 1941 velex
1041 1880 1139 1941 mulsa

124 1988 263 2030 nauseam
288 1968 415 2049 expellit,
439 1969 649 2031 abundantiam
672 1970 848 2049 phlegmatis
865 1977 974 2048 purgat
992 1969 1137 2048 sedatque
1153 1989 1178 2030 uo

124 2059 256 2119 dolorem
280 2058 425 2119 stomachi
453 2067 482 2119 et
505 2059 656 2120 fastidium
684 2059 819 2138 discutit3
847 2058 925 2118 ultra
952 2058 1009 2118 hoc
1036 2066 1138 2118 autem

124 2149 240 2226 pondus
260 2166 297 2206 ne
317 2147 443 2226 dederis,
463 2149 532 2226 quia
552 2147 662 2208 nullius
681 2147 851 2208 stomachus
871 2149 928 2206 vim
947 2149 1011 2207 eius
1026 2148 1139 2224 poterit

72 2239 286 2296 144sustinere.
325 2234 461 2294 Puleium
485 2253 552 2295 cum
577 2235 703 2314 oxymeli
726 2235 882 2295 decoctum
906 2235 941 2294 ad
965 2252 1139 2294 mensnram

124 2324 259 2383 heminae
282 2322 464 2398 tepefactum
482 2323 583 2383 ieiuno
602 2332 632 2383 et
651 2323 765 2401 digesto
784 2323 867 2384 dabis
886 2322 1058 2396 bibendum,
1078 2342 1139 2383 non

124 2410 219 2470 solum
243 2409 429 2470 stomachum
451 2410 583 2490 reficies,
611 2411 663 2471 sed
687 2413 775 2472 etiam
798 2415 823 2472 si
847 2415 926 2473 circa
949 2430 1001 2472 cor
1025 2411 1139 2490 aliquid
1153 2430 1180 2472 ss

125 2500 182 2558 erit
205 2499 277 2577 vitii,
301 2496 402 2556 eadem
426 2499 545 2575 potione
569 2498 729 2560 sanabitur.

72 2598 122 2646 145
212 2586 255 2645 Ad
276 2584 461 2645 stomachum
480 2587 717 2664 componendum
736 2589 830 2648 uteris
849 2588 981 2649 remedio
1000 2587 1052 2649 tali
1066 2590 1139 2649 satis

125 2673 292 2734 commodo:
316 2672 437 2754 Butam,
461 2676 573 2756 apium,
597 2677 746 2757 anethum,
770 2679 920 2756 cyminum
944 2679 1047 2756 aequis
1071 2695 1140 2755 por-

126 2763 257 2823 tionibus
281 2780 392 2840 coques
415 2781 484 2824 cum
507 2765 568 2824 vini
590 2768 699 2826 veteris
723 2767 859 2826 sextariis
883 2765 1008 2846 duobus,
1034 2774 1140 2845 postea

126 2851 216 2913 addes
235 2851 292 2912 olei
311 2853 403 2911 amari
422 2849 480 2912 &l
504 2855 661 2915 etiterum
680 2873 791 2934 coques
810 2854 856 2914 vel
874 2854 1055 2933 aliquamdiu
1070 2873 1140 2915 con·
1155 2873 1182 2913 so

125 2940 233 3002 bullire
252 2940 406 3019 permittes
426 2948 515 3019 atque
534 2942 602 3003 inde
618 2962 686 3004 cum
701 2952 863 3021 utcumque
878 2943 1018 3002 residerit
1032 2943 1140 3024 fervor,

125 3049 180 3109 per
207 3028 359 3108 globulum
387 3028 470 3089 lanae
499 3030 618 3091 sucidae
646 3031 798 3092 stomacho
827 3031 904 3108 quod
936 3031 1065 3091 sufficiat
1095 3033 1139 3091 in·

126 3118 241 3198 fundes,
260 3120 302 3178 ita
322 3125 354 3178 ut
371 3126 475 3196 postea
494 3117 605 3178 densus
623 3119 706 3180 lanae
720 3119 833 3179 lloccus
847 3136 937 3197 supra
952 3120 1140 3181 stomachum

214 3275 230 3322 2
250 3269 341 3336 adque
358 3270 416 3392 quic
438 3274 470 3323 ut
492 3270 658 3339 saepissime)
680 3268 725 3324 ad.
799 3276 815 3325 8
835 3277 899 3340 post
921 3272 1018 3325 statim
1036 3287 1140 3326 rasura

126 3343 401 3464 {b'habubabbbam
443 3408 602 3464 hlanmatis.
663 3416 697 3465 23
713 3409 827 3465 oximeli
841 3412 957 3469 decocti.
1010 3418 1046 3467 24
1060 3415 1140 3482 tepe-

125 3479 227 3534 factae.
300 3485 332 3532 31
352 3496 412 3534 rese
435 3478 490 3534 erit
509 3480 670 3539 Coruoriue.
743 3481 844 3538 ferbor.

380 3341 518 3394 eruardus.
597 3345 630 3393 to
649 3340 721 3412 veri]
743 3340 807 3395 vivi.
887 3348 919 3396 12
938 3345 989 3397 out
1007 3342 1067 3397 eius
1085 3359 1139 3399 om.
