2438 3802
486 146 722 210 -377-

190 309 312 370 Galbani
336 311 527 390 semunciam,
551 311 728 388 opopanacis
752 311 855 369 uncias
879 309 961 389 duas,
985 313 1112 372 castorei
1131 320 1164 370 53

101 401 204 459 uncias
228 398 267 481 ΙΙ,
296 417 381 459 cerae
410 397 440 458 P.
466 397 506 479 ll,
534 397 591 458 olei
618 397 727 457 laurini
753 400 858 458 uncias
880 397 920 478 ΙΙ,
948 398 1005 459 olei
1033 418 1112 460 com·

100 489 200 548 munis
227 487 259 547 P.
279 487 305 567 Ι,
333 486 391 546 olei
418 488 527 546 veteris
556 486 670 546 rancidi
696 485 728 546 P.
747 485 773 566 Ι,
801 486 967 564 aphronitri
994 488 1113 548 candidi

100 575 207 655 pilulas
230 576 400 655 duodecim,
428 573 574 635 medullae
599 577 734 635 cervinae
757 575 856 654 pondo
880 593 986 653 unum,
1012 575 1113 656 butyri

73 663 132 724 aP.
156 665 182 744 Ι,
210 663 308 724 clavos
337 663 479 742 caligares
507 664 544 723 de
572 663 746 723 sterculinio
774 663 914 724 collectos
943 665 980 724 de
1009 665 1112 725 dextra

100 752 192 832 caliga
211 751 284 832 Vlll,
308 753 344 813 de
368 755 488 812 sinistra
512 761 626 831 septem
644 754 676 812 in
694 752 818 831 siugulis
837 751 966 813 linteolis
985 753 1111 832 alligato,

100 844 143 902 sic
171 844 203 901 in
231 860 355 902 aeneum
384 843 480 920 mitte3
509 840 616 900 deinde
644 843 684 901 ita
714 859 780 902 cum
806 841 895 920 supra
919 844 1039 922 scriptis
1062 843 1112 903 de-

100 948 204 1009 coque,
229 937 262 990 ut
285 930 476 1008 emplastrum
497 929 622 989 densum
642 929 731 989 iacias
749 929 875 1008 pedibus
895 949 962 991 cum
982 931 1112 992 volueris

100 1018 316 1097 adponendum.
349 1017 556 1097 Opopanaeem
579 1035 649 1078 sane
673 1036 740 1078 cum
763 1017 932 1099 liquaveris,
955 1019 1112 1098 galbanum

61 1114 201 1186 inpostea
225 1106 365 1187 liquabis;
389 1107 496 1167 dehinc
515 1109 613 1166 omnia
632 1105 746 1184 reliqua
768 1125 836 1166 cum
855 1110 981 1188 coxeris,
1000 1108 1112 1169 celabis

101 1204 131 1256 et
155 1198 198 1256 sic
222 1195 258 1255 de
282 1197 436 1274 permixtis
460 1193 598 1255 omnibus
617 1194 809 1273 emplastrum
828 1196 932 1276 lacies3
955 1197 1112 1257 miraberis

100 1285 266 1345 remedium
289 1284 444 1365 podagrae,
468 1285 536 1362 quia
560 1282 688 1362 palmare
712 1291 766 1344 est.

189 1373 234 1433 Ad
261 1375 405 1451 impetum
438 1372 584 1451 podagrae
617 1371 796 1450 remedium,
828 1372 908 1450 qnod
936 1373 1113 1434 Artemisius
1132 1379 1167 1428 54

101 1461 204 1522 Dianio
229 1461 359 1522 ostendit
382 1463 438 1522 sic:
466 1460 554 1521 Croci
577 1461 713 1521 denarios
737 1461 825 1541 duos,
848 1461 980 1538 pulveris
1003 1463 1114 1542 Asiani,

61 1563 86 1605 15
100 1551 130 1611 id
159 1558 205 1610 est
232 1551 268 1611 de
294 1550 390 1629 lapide
414 1549 577 1628 Magnesio,
606 1551 658 1628 qni
685 1551 715 1609 in
744 1549 896 1610 venalibus
924 1550 1044 1610 difficile
1068 1553 1112 1611 in·

101 1641 233 1719 venitur,
260 1641 378 1699 unciam
406 1655 509 1717 unam3
538 1638 589 1698 sed
619 1640 644 1697 si
672 1638 720 1698 hic
749 1657 808 1698 non
833 1640 884 1717 sit,
912 1657 967 1716 pro
990 1639 1112 1716 pulvere

101 1726 267 1805 aphronitri
290 1760 331 1770 -
351 1727 363 1786 Ι
387 1730 487 1786 mittes
511 1736 541 1786 et
564 1745 686 1787 ovorum
711 1734 851 1804 quattuor
870 1726 1029 1808 lacrimam,
1053 1747 1113 1788 non

102 1814 267 1874 medullam.
314 1815 393 1876 Haec
421 1817 490 1875 trita
518 1824 548 1874 et
576 1817 665 1874 mixta
694 1822 904 1893 conponuntur
933 1818 964 1875 in
992 1817 1112 1877 modum

103 1905 205 1980 ceroti,
230 1921 288 1980 quo
312 1903 538 1981 superlinuntur
561 1904 651 1982 pedes
676 1903 712 1963 de
735 1903 865 1982 pinnula.

64 2006 89 2044 20
193 1990 328 2050 Farinam
353 1992 389 2051 de
412 1991 543 2052 meliloto
566 1995 597 2052 in
620 1991 690 2052 lotio
714 1991 843 2052 humano
867 2000 897 2052 et
920 1995 1046 2072 axungia
1066 2012 1112 2053 ve·
1132 1997 1167 2048 55

102 2087 167 2140 tere
196 2097 348 2158 cuneoque
376 2098 499 2158 eamque
528 2099 624 2160 panno
657 2080 748 2141 inliue
782 2089 812 2140 et
845 2099 910 2140 mor
944 2081 996 2141 ubi
1029 2082 1113 2142 dolor

102 2167 313 2248 auspicabitur‚
336 2167 462 2246 pedibus
485 2170 617 2252 impone,
640 2189 694 2250 pro
718 2177 800 2229 certo
825 2171 924 2229 statim
948 2188 1016 2230 eum
1039 2170 1113 2230 mul-

102 2257 181 2318 cebit
205 2257 261 2317 hoc
284 2257 457 2317 remedium.

190 2348 342 2425 Aiungiae
371 2345 400 2406 P.
430 2349 500 2426 tria,
533 2349 649 2408 resinae
682 2346 898 2408 terebinthinae
926 2347 958 2408 Ρ.
982 2347 1011 2428 Ι,
1038 2350 1113 2427 picis
1133 2353 1168 2403 56

61 2447 87 2489 2⁵
101 2434 230 2514 liquidae
254 2435 284 2495 P.
309 2435 334 2515 Ι,
363 2454 449 2496 cerae
478 2438 643 2497 communis
666 2435 697 2496 P.
721 2436 747 2515 l,
775 2435 927 2516 sulphuris
955 2439 1011 2497 vivi
1039 2437 1073 2498 P.
1092 2437 1113 2517 Ι,

101 2532 185 2584 rutae
210 2525 312 2585 viridis
337 2517 376 2610 9·
395 2524 444 2604 ΙΙΙ,
468 2524 591 2585 schoeni
613 2557 648 2568 -
670 2524 705 2598 ll,
728 2524 843 2585 bdellae
867 2529 997 2587 recentis
1016 2560 1058 2569 —
1078 2525 1112 2586 ll.

101 2611 174 2673 Cum
198 2615 296 2672 omnia
319 2612 495 2673 remittenda
519 2615 670 2674 remiseris
694 2621 724 2673 et
747 2623 846 2674 cetera
870 2617 1039 2694 miscueris,
1063 2634 1114 2675 no-

101 2703 220 2759 vissime
250 2701 346 2761 sullur
374 2709 496 2759 tunsum
525 2701 635 2760 adicies
664 2708 694 2759 et
718 2705 813 2761 omnia
838 2704 919 2762 iuxta
942 2705 1042 2781 ignem
1065 2722 1114 2762 ex·

102 2789 208 2864 agitata
233 2786 380 2846 miscebis.
415 2785 494 2845 Haec
518 2789 693 2866 compositio
713 2788 860 2864 praesidio
880 2800 993 2850 servata
1013 2809 1114 2868 quam-

62 2890 88 2930 oo
102 2878 147 2935 vis
170 2892 268 2935 acrem
292 2875 436 2951 impetum
459 2873 605 2952 podagrae
630 2876 755 2933 orientis
778 2877 933 2953 extinguit.
1061 2885 1065 2892 “

191 2961 255 3023 Olei
288 2963 403 3041 cyprini
436 2961 566 3022 modium
599 2964 629 3022 in
663 2980 787 3022 aeneum
820 2965 949 3023 conicies
987 2983 1114 3044 cumque
1134 2971 1167 3021 ov

102 3055 231 3132 primum
255 3049 393 3130 fervebit,
420 3051 520 3110 mittes
543 3053 575 3110 in
599 3049 671 3111 illud
696 3049 813 3129 vulpem
837 3051 996 3112 masculam
1021 3055 1113 3114 vivam

102 3151 132 3202 et
160 3141 294 3201 tamdiu
323 3158 449 3220 coques,
480 3139 574 3200 donec
602 3157 712 3218 corpus
740 3141 804 3199 eius
834 3140 954 3200 surculo
978 3141 1114 3203 facillime

101 3231 314 3311 transforetur3
333 3237 404 3290 tunc
424 3228 521 3289 oleum
536 3228 701 3310 percolabis
719 3237 749 3289 et
763 3229 873 3289 adicies
887 3231 918 3289 in
933 3230 963 3290 id
978 3234 1115 3312 samsuci,

185 3441 221 3489 22
237 3454 291 3504 1)Γο
310 3438 402 3512 Certo]
424 3457 463 3495 an
484 3440 651 3514 legendum:
672 3439 801 3512 impone
820 3453 882 3508 pro
899 3435 1007 3488 cesum
1018 3465 1029 3487 ,
1036 3420 1172 3502 *susim

84 3507 298 3563 comessuram
321 3509 421 3569 vivam
441 3517 568 3590 scripsi:
588 3516 765 3575 mascnlum
782 3509 898 3567 vivum
912 3503 1102 3558 cormarcus-
