2438 3802
514 183 842 247 -211-'

215 343 372 405 Stomacho
392 345 556 405 remedium
571 347 715 424 optimum
733 345 769 406 de
784 349 986 425 experimento
1002 350 1191 418 taleest:113

124 432 294 494 Petrosilini
317 436 420 493 uncias
444 441 514 514 tres,
539 433 607 508 salis
630 436 734 494 uncias
753 435 834 516 duas,
858 437 944 496 nardi
966 441 1064 517 spicae
1083 459 1137 500 un-

125 524 209 602 ciam,
233 523 341 581 amomi
365 524 468 582 uncias
492 523 573 604 duas,
596 522 701 602 hysopi
728 523 826 605 -ll,
849 527 1014 586 vettonicae
1040 560 1081 570 —
1101 527 1136 591 ll.

123 611 202 671 Haec
231 613 328 670 omnia
356 612 387 670 in
416 629 571 671 cucumam
595 611 715 672 fictilem
734 630 838 672 novam
861 616 974 695 mittes,
999 633 1074 694 quae
1099 619 1138 676 sit

99 701 323 760 asertariorum
346 717 465 777 novem,
494 718 617 778 eamque
646 718 721 779 aqua
745 701 896 780 supplebis
921 710 950 762 et
973 702 1137 784 obturabis,

125 797 159 848 ut
181 789 329 849 modicum
353 789 526 866 spiramenti
550 788 714 868 relinquas,
743 797 773 849 et
801 791 950 869 decoques
973 792 1009 851 ad
1032 794 1135 853 tertias

125 875 286 941 aodenuo
315 895 388 955 aqua
413 877 564 955 supplebis
588 886 618 936 et
640 895 761 937 rursum
785 878 822 938 ad
844 882 949 939 tertias
973 880 1135 962 decoques3

124 973 195 1025 tunc
220 965 329 1025 adicies
353 963 447 1025 mellis
471 967 576 1044 optimi
598 965 767 1044 despumati
790 971 973 1045 quartarium
997 979 1027 1029 et
1045 972 1136 1030 tertia

123 1055 187 1113 vice
211 1053 247 1114 ad
270 1054 383 1114 medias
406 1053 554 1133 decoques
583 1073 616 1114 ac
644 1063 746 1133 postea
769 1057 800 1114 in
823 1057 942 1116 vasculo
966 1048 1061 1116 video
1084 1065 1136 1118 aut

82 1160 108 1199 10
123 1141 205 1202 fictili
229 1142 374 1202 recondes
398 1141 453 1202 sub
477 1142 628 1221 signaculo
657 1151 745 1222 atque
774 1162 809 1202 ex
838 1163 872 1204 eo
897 1145 1052 1204 adversum
1076 1154 1135 1205 sto-

122 1230 219 1291 machi
246 1230 377 1291 laborem
406 1239 490 1291 terna
518 1230 662 1292 coclearia
689 1250 725 1291 ex
753 1250 828 1311 aqua
852 1233 958 1312 calida,
987 1235 1012 1292 si
1036 1233 1134 1294 febres

122 1327 219 1399 eruut,
242 1329 293 1380 aut
316 1338 351 1380 ex
375 1319 495 1381 condito
519 1322 646 1400 ieiunus,
671 1322 778 1380 sinon
803 1328 899 1400 erunt,
923 1339 1032 1381 sumes.

208 1407 251 1468 Ne
276 1408 446 1468 stomachus
469 1409 677 1490 perfrigescat,
705 1409 806 1468 unctio
836 1408 1029 1469 saluberrima
1055 1409 1187 1475 haec114

121 1505 178 1558 est:
201 1496 353 1557 Foliorum
376 1496 451 1558 lauri
475 1506 505 1558 et
528 1496 677 1577 bacarum,
701 1497 900 1577 faenograeci,
924 1500 1061 1577 samsuci,
1083 1517 1133 1558 cu-

81 1602 106 1642 15
120 1587 229 1666 pressi,
257 1588 335 1646 roris
358 1588 467 1646 marini
490 1589 593 1646 uncias
617 1586 747 1664 singulas
771 1586 937 1646 contundes
961 1594 991 1646 et
1014 1588 1045 1646 in
1073 1589 1133 1647 vini

120 1677 230 1735 veteris
252 1673 431 1734 sextariisV
453 1693 507 1753 per
531 1674 662 1735 triduum
687 1674 860 1756 macerabis,
884 1683 989 1753 quarto
1009 1675 1056 1735 die
1075 1675 1133 1735 olei

123 1762 194 1822 boni
217 1765 361 1823 sextarios
384 1771 447 1823 tres
471 1764 581 1824 adicies
605 1772 635 1824 et
658 1765 689 1822 iu
713 1763 768 1823 olla
792 1764 861 1823 rudi
883 1762 919 1822 ad
942 1781 1054 1841 prunas
1073 1781 1132 1823 non

123 1869 207 1910 acres
231 1855 271 1911 ita
290 1851 448 1932 decoqueS,
472 1853 566 1913 donec
586 1853 686 1912 vinum
706 1857 907 1930 consumatur,
931 1858 1002 1911 tunc
1022 1851 1132 1912 colabls

122 1948 153 1999 et
176 1948 362 2000 excrementa
386 1940 432 2000 vel
453 1941 557 2001 sordes
576 1941 687 2000 abicies
706 1947 737 1999 et
755 1956 861 2000 rursus
880 1939 966 1999 ollam
986 1959 1054 2000 cum
1072 1959 1132 2000 me·

81 2043 108 2083 ao
123 2027 267 2089 dicamine
286 2029 322 2089 ad
342 2037 448 2090 tenues
467 2047 579 2108 prunas
598 2046 726 2107 repones
745 2030 832 2105 eique
851 2027 941 2087 addes
961 2046 1046 2088 cerae
1065 2030 1132 2089 niti·

122 2116 175 2176 dae
200 2116 314 2197 libram,
337 2120 454 2178 resinae
474 2116 691 2177 terebinthinae
710 2125 851 2195 purgatae
871 2115 1018 2177 selibram.
1052 2115 1132 2177 llaec

120 2208 218 2266 omnia
245 2207 390 2285 permixta
419 2214 448 2267 et
476 2208 620 2284 coagitata
648 2205 683 2265 ad
713 2206 834 2266 modum
864 2207 957 2265 ceroti
986 2204 1132 2266 recondes

120 2303 150 2354 et
178 2313 247 2355 cum
276 2313 351 2373 opus
379 2296 482 2376 luerit,
510 2313 570 2354 non
599 2293 694 2355 solum
722 2295 758 2355 ad
782 2294 939 2374 stomachi,
967 2295 1018 2353 sed
1043 2296 1130 2353 etiam

120 2382 155 2442 ad
176 2402 335 2443 nervorum
354 2392 384 2444 et
402 2384 605 2445 musculorum
625 2383 867 2463 perfricationem
885 2384 981 2443 uteris
1000 2381 1130 2443 saluber-

75 2486 101 2526 as
116 2473 191 2531 rimo
214 2479 375 2551 unguento.
992 2466 995 2472 ’

204 2560 378 2621 Antidotum
401 2560 555 2642 Hadriani,
584 2579 642 2640 quo
666 2560 806 2622 utebatur
833 2560 940 2620 Caesar
963 2560 1182 2640 Augustusne

116 2667 191 2726 quae
214 2651 296 2728 potio
321 2649 370 2709 dat
393 2652 473 2710 omni
496 2651 617 2728 corpori
644 2649 861 2729 fortitudinem3
890 2651 1026 2728 quisquis
1050 2650 1128 2708 enim

116 2754 150 2795 ea
174 2755 247 2797 usus
271 2737 370 2817 fuerit,
393 2756 448 2797 nec
472 2738 617 2798 stomachi
641 2756 695 2796 nec
719 2739 859 2797 iocineris
883 2754 938 2796 nec
960 2739 1054 2815 epatis
1072 2755 1128 2796 nec

118 2822 229 2902 splenis
252 2845 308 2886 nec
332 2826 431 2886 cordis
454 2845 509 2885 nec
533 2825 635 2885 lateris
658 2832 709 2885 aut
731 2825 880 2903 pulmonis
909 2834 959 2883 aut
987 2842 1127 2884 coxarum

75 2929 102 2968 ao
117 2911 233 2974 dolores
252 2917 391 2994 patietur,
411 2914 462 2973 sed
482 2931 537 2972 nec
556 2919 669 2971 tussem
683 2930 739 2971 nec
753 2913 963 2990 perfrictiones
978 2929 1032 2970 nec
1047 2929 1127 2988 spas-

115 3019 180 3062 mos
203 3021 258 3063 nec
283 3003 341 3064 coli
364 3001 481 3062 dolores
506 3001 614 3060 sentiet
639 3017 695 3059 uec
719 2998 917 3079 dysintericos
941 3016 995 3058 nec
1020 2998 1127 3076 hydro-

115 3091 201 3168 picus
226 3111 281 3152 nec
301 3093 484 3171 suspiriosus
503 3095 554 3150 aut
573 3087 740 3148 cholericus
759 3088 824 3147 erit.
860 3086 944 3146 Facit
963 3088 1051 3146 etiam
1070 3086 1127 3144 hoc

114 3180 281 3240 remedium
310 3189 414 3241 contra
443 3196 545 3240 omues
569 3195 689 3238 umores
713 3177 817 3236 noxios
840 3183 871 3236 et
895 3176 992 3234 omnia
1014 3192 1126 3235 venena

204 3337 218 3384 1
238 3333 371 3387 remedio.
428 3336 462 3385 14
477 3336 541 3401 poet
559 3329 681 3401 cupressi
704 3331 767 3384 odd.
787 3327 882 3395 mirin3
901 3328 966 3396 sort.
985 3328 1126 3396 legendum

112 3403 207 3471 myrti,
294 3408 328 3457 21
350 3401 546 3457 herebinhinae.
631 3406 666 3456 26
687 3399 855 3455 Hadrianae.
941 3405 974 3454 2⁷
1000 3399 1128 3478 quisque.

112 3478 147 3528 28
171 3473 271 3543 eparis.
349 3479 383 3528 30
422 3471 622 3528 effricationes.
694 3488 818 3543 posmos.
890 3476 929 3526 st
947 3469 1144 3523 dierstenses

112 3543 263 3614 idropicus,
335 3549 370 3599 32
388 3492 550 3601 cholericus.
625 3551 660 3602 33
677 3545 818 3602 humores
834 3543 957 3599 unicus„

948 3628 1010 3683 th*
