2438 3802
470 157 667 211 „v-

52 335 118 376 non
133 316 248 374 extant.
280 313 397 372 Desunt
410 313 442 371 iu
456 311 556 371 codice
571 331 596 372 e.
611 330 633 372 o.
649 313 735 372 haec:
754 335 783 389 p.
798 315 891 393 39‚31
909 320 935 375 et
947 318 1077 390 septimo,

57 416 157 491 55,11
174 413 273 485 rufae,
294 411 389 486 55,3‘t
405 411 513 476 tritam,
535 411 626 487 57,31
643 411 688 468 ool
702 411 870 480 collisiones,
891 415 984 486 9033
1001 417 1079 475 ocris

56 514 118 572 usli
131 509 191 586 XS,
208 509 324 585 146,16
346 507 531 582 Uopolcrom
547 537 585 547 -
603 509 739 584 medetur,
755 511 1079 586 267,14faeolproeot

58 612 131 669 benc
153 608 288 666 mundati
311 610 337 663 et
355 605 405 664 loti
423 607 609 678 quarterium
632 611 666 673 ei,
691 607 808 683 282,33
828 607 935 674 lwetot,
960 609 1077 681 288,32
1168 652 1171 656 .

61 724 157 780 oquae
184 703 337 764 coellinoc
364 703 480 776 pallos
507 706 626 770 tresel,
655 705 772 780 290‚25
798 721 833 764 cc
854 706 935 772 oioo,
961 706 1078 782 306,24

60 803 205 879 superponi
234 799 345 877 XIIII,
377 800 504 874 poeninis
535 797 644 876 XIIII,
681 803 847 862 artemisiae
878 805 941 862 sicci
972 803 1077 861 xlm.

61 900 195 960 Exhibet
208 898 308 973 codex,
327 915 396 956 cum
414 896 447 955 in
461 894 598 955 Ceruarii
612 897 741 958 editione
755 898 971 975 desiderentur,
990 900 1078 960 heco:

61 1017 90 1074 p.
107 998 203 1070 2653
219 997 336 1055 seminis
353 993 429 1068 -1,
441 996 611 1068 petroselini
624 995 807 1057 Moccclooioi
823 997 896 1071 -Ι,
915 1018 943 1074 p.
960 998 1076 1072 300,26

60 1093 169 1154 Scilloe
196 1094 279 1152 eloco
310 1110 405 1169 usque
439 1089 477 1150 ed
503 1112 532 1168 p.
553 1095 669 1170 303,17
703 1097 738 1155 de
764 1096 908 1154 stomoolo
936 1100 1078 1169 cormpto.

63 1191 146 1261 Quae
170 1210 237 1250 cum
259 1189 304 1249 ite
327 1190 397 1268 sint,
420 1189 574 1250 exordium
598 1191 705 1266 cepitis
728 1191 875 1250 XXVIIII
897 1192 929 1250 in
948 1193 1078 1252 editione

62 1288 198 1364 principe
230 1287 313 1346 aliud
341 1288 388 1345 eet
420 1288 511 1362 etque
544 1287 575 1346 in
604 1289 712 1348 codice.
758 1288 814 1348 His
848 1289 945 1348 causis
977 1292 1078 1349 motus

64 1383 243 1446 (ternarium
265 1385 325 1443 elio
353 1383 454 1443 codice
476 1402 565 1443 usum
594 1404 661 1445 esse
685 1385 837 1458 extetimo,
865 1385 918 1443 sed
945 1403 1005 1444 non
1027 1404 1080 1444 ne·

62 1481 200 1560 paverim
221 1482 309 1541 illum
331 1481 525 1541 Leudunensi
547 1482 626 1542 libro
648 1482 741 1541 fuisse
766 1481 959 1541 stmillimum.

132 1578 270 1638 Ceruarii
300 1582 416 1639 textum
446 1583 623 1654 receperunt
652 1579 766 1639 Aldus
798 1571 925 1662 (MedIci
954 1580 1078 1656 antiqui.

62 1677 172 1737 Venet.
202 1670 303 1756 1547)
336 1679 367 1735 et
400 1675 606 1752 Stephanus
640 1669 788 1760 (Medione
822 1678 896 1738 entis
928 1678 1078 1754 principes

65 1766 176 1854 1567).

132 1914 244 1991 Scripsi
266 1914 423 1994 Augustae
446 1915 670 1978 vindelicorum

189 2031 291 2073 mense
315 2012 484 2089 Septembri
509 2016 601 2074 1889.
