2438 3802
506 129 659 193 -200
708 163 745 174 ·-

120 296 209 354 minis
237 295 300 354 triti
325 285 424 378 2111
453 298 483 351 et
505 291 637 351 lactucae
660 291 743 352 albae
767 293 888 352 seminis
911 294 976 352 triti
1000 293 1134 356 cocleare

65 396 100 446 46
120 401 226 464 unum3
250 383 321 443 haec
345 399 420 460 aqua
444 383 590 459 permixta
608 382 726 441 ieiunus
746 382 880 460 accipiat,
898 381 1032 459 prodest.
1072 383 1134 458 Sto:

120 472 257 533 maehum
281 469 459 531 conroborat
483 468 574 528 herba
598 468 734 529 absentbi
758 469 879 529 decocta
904 488 972 530 cum
992 473 1062 532 vino
1087 492 1132 534 au·

120 570 201 623 stero
226 569 314 639 atque
338 562 377 619 ita
402 556 529 617 subinde
553 566 631 636 pota,
657 560 683 617 si
709 556 808 617 febres
835 576 896 617 nou
923 568 1028 641 erunt3
1057 562 1133 639 quod

120 653 146 710 si
179 646 354 728 inquietudo
392 646 497 725 luerit,
535 665 603 706 cum
640 665 715 725 aqua
751 649 839 724 coqui
871 656 900 706 et
932 647 997 708 dari
1030 649 1165 710 debet25

119 741 229 798 mirum
253 744 307 796 est.

64 839 99 886 47
208 824 251 883 Ad
272 823 397 883 olitanos
421 823 566 883 stomachi
589 824 707 885 dolores
734 823 877 901 malagma
901 826 944 884 sic
968 843 1133 904 conponas:

120 912 212 972 Faeni
235 914 335 990 graeci
354 912 500 992 cyathum,
524 912 578 972 lini
599 915 720 972 seminis
740 912 886 992 cyathum,
909 912 996 974 ibisci
1015 918 1134 994 purgati

120 1001 151 1061 P.
175 1000 202 1080 l,
230 1019 323 1080 aquae
352 998 383 1060 8
408 1000 497 1079 Vllll,
526 1000 584 1061 olei
611 998 642 1061 e
666 1000 732 1080 llll,
762 1019 884 1079 spumae
912 1007 1028 1080 argenti
1056 1004 1088 1064 P.
1114 1004 1134 1084 l,

121 1107 260 1150 cerussae
279 1089 311 1150 P.
330 1089 351 1169 l,
376 1108 461 1149 cerae
484 1089 516 1149 P.
535 1089 548 1149 Ι
568 1089 596 1150 S.
634 1089 712 1148 Haec
732 1091 829 1149 omnia
848 1093 878 1150 in
898 1109 990 1152 unum
1011 1107 1168 1154 concor-10

120 1178 241 1258 porabis
265 1187 295 1239 et
314 1180 463 1257 decoquas
482 1187 512 1239 et
531 1198 599 1239 curn
618 1177 760 1255 malagma
779 1179 895 1259 leceris,
919 1181 950 1239 in
973 1198 1073 1258 panno
1094 1185 1135 1242 in·

122 1269 214 1328 duces
238 1277 267 1328 et
291 1267 442 1329 stomacho
465 1267 596 1346 adpones
615 1275 644 1328 et
663 1269 743 1327 circa
762 1270 876 1327 viscera
895 1276 954 1328 tam
975 1270 1027 1330 diu
1046 1270 1136 1332 babe-

121 1357 166 1418 bis
191 1364 304 1418 ettam
327 1357 449 1417 adsidue
473 1357 612 1436 adpones,
636 1356 730 1416 donec
753 1354 838 1416 dolor
861 1356 1008 1418 abscedat.

67 1457 102 1506 48
211 1446 255 1505 Ad
270 1445 456 1506 stomachum
471 1445 670 1505 fastidientem
685 1463 783 1505 escam
796 1452 825 1504 et
835 1454 1038 1506 revomentem
1048 1466 1137 1509 rosae

121 1534 286 1614 dimidium,
306 1534 384 1611 quod
405 1551 506 1592 semen
521 1541 629 1613 portat,
648 1534 678 1593 id
693 1541 739 1593 est
753 1536 851 1612 ipsum
866 1533 970 1594 florem
985 1554 1137 1619 croceum,
1151 1551 1174 1592 1⁵

121 1622 287 1683 contundes
311 1629 340 1682 et
364 1621 502 1681 aluminis
522 1623 616 1700 scissi,
640 1624 749 1702 cyperi,
773 1621 906 1702 bidellae,
931 1624 1068 1684 absentbi
1089 1645 1137 1689 su·

121 1731 199 1791 cuni,
221 1710 354 1790 meliloti,
372 1728 457 1770 rosae
477 1712 583 1791 siccae,
606 1713 731 1791 acaciae,
754 1713 807 1770 iris
826 1710 967 1792 illyricae,
991 1713 1051 1774 olei
1069 1735 1137 1776 nar-

122 1801 196 1879 dini,
225 1818 324 1879 cerae,
352 1798 545 1878 opobalsami,
574 1817 660 1877 pares
688 1818 844 1860 mensuras
872 1799 977 1861 harum
1002 1806 1137 1865 omnium

122 1891 290 1966 specierum
309 1897 446 1949 conteres
465 1890 496 1948 in
514 1889 656 1948 mortario
673 1907 838 1949 marmoreo
853 1907 887 1948 ac
902 1890 1055 1951 stomacho
1075 1896 1138 1972 epi-

121 1977 298 2038 thematium
316 1979 476 2038 mirificum
497 1995 682 2056 superpones
701 1977 736 2037 ad
755 1979 864 2057 ignem,
889 1986 921 2039 ut
945 1987 990 2039 est
1009 1999 1137 2042 consue·
1152 1998 1179 2036 ao

67 2077 101 2125 49
121 2067 203 2146 tudo,
228 2069 433 2146 compositum.
470 2065 703 2145 Epithematium
727 2069 871 2145 optimum
893 2065 927 2126 ad
949 2069 1138 2131 stomachum

121 2156 333 2234 reparandum:
361 2155 492 2215 Masticis
518 2189 556 2198 -
579 2153 628 2236 Vl,
651 2154 731 2215 aloes
756 2188 795 2196 —
816 2154 868 2234 lll,
893 2159 1079 2216 storacis-
1101 2159 1138 2239 ll,

122 2262 208 2304 cerae
231 2243 262 2303 P.
281 2242 302 2320 l,
327 2243 413 2303 nardi
432 2275 475 2285 —
494 2241 539 2302 Vl.
572 2242 650 2303 Haec
674 2247 786 2321 pariter
810 2243 949 2304 miscebis
972 2254 1002 2305 et
1022 2247 1138 2324 epithe-

121 2333 245 2391 matium
269 2329 378 2390 subtile
401 2331 501 2403 facies,
526 2331 605 2408 quod
629 2331 730 2392 multis
749 2331 840 2411 boris,
864 2341 945 2393 certe
964 2333 1061 2395 hieme
1081 2355 1139 2414 per

121 2424 218 2477 totum
242 2417 329 2496 diem,
354 2420 397 2477 uti
420 2419 541 2495 poteris.
1153 2438 1179 2480 aa

69 2517 104 2565 50
211 2504 255 2564 Ad
276 2504 408 2565 dolorem
429 2499 573 2565 s'tomachi
590 2509 756 2567 vettonicae
780 2508 888 2570 radicis
909 2511 1084 2572 fasciculum
1104 2516 1137 2574 in

123 2592 178 2653 olla
203 2593 352 2672 decoques
376 2612 411 2653 ex
435 2611 510 2672 aqua
534 2594 717 2674 eandemque
746 2597 832 2656 ollam
858 2599 1004 2660 subdivo
1028 2600 1138 2662 habeto

123 2691 269 2763 opertam3
289 2700 358 2742 cum
377 2682 547 2743 stomachus
566 2682 667 2743 dolore
688 2685 848 2766 vexabitur,
868 2707 963 2767 usque
981 2688 1017 2748 ad
1032 2693 1138 2751 tertias

123 2772 247 2833 eandem
270 2789 376 2850 aquam
400 2790 533 2852 excoque
557 2779 587 2832 et
609 2773 678 2834 inde
702 2775 840 2854 cyathum
861 2795 953 2837 unum
973 2776 1138 2838 bibendum

69 2873 103 2922 51
123 2863 242 2923 ieiunus
261 2861 296 2922 ad
316 2861 393 2922 diem
413 2880 505 2923 sume.
537 2861 668 2924 Urticam
686 2881 787 2924 semen
802 2864 959 2925 habentem
974 2868 1004 2925 in
1020 2885 1138 2927 summo
1153 2887 1179 2926 so

123 2951 208 3012 deme
232 2971 266 3013 ac
290 2950 448 3030 diligenter
471 2951 533 3012 lava
557 2961 587 3013 et
611 2971 646 3013 ex
670 2972 703 3013 ea
727 2952 920 3014 sorbitionem
947 2955 1034 3014 facito
1058 2954 1137 3015 bene

123 3041 271 3101 conditam
297 3043 360 3102 sine
384 3043 497 3122 pipere,
521 3044 694 3102 suavissime
718 3043 873 3119 accipieris
894 3043 930 3102 ad
950 3043 1137 3104 stomachum

69 3139 103 3188 52
123 3130 325 3190 reficiendum.
372 3128 517 3190 Lactucae
544 3131 645 3208 nigrae
674 3148 788 3208 semen,
819 3131 897 3208 quod
925 3133 1024 3210 ipsum
1052 3132 1137 3193 valde

123 3220 240 3296 nigrum
264 3225 318 3298 est,
342 3219 373 3279 iu
392 3219 449 3296 pila
468 3217 565 3296 lignea
588 3226 710 3278 tunsum
730 3236 796 3278 cum
816 3219 902 3280 melle
922 3220 1026 3300 subige
1046 3229 1135 3301 atque

213 3351 382 3406 toletanos.
484 3356 516 3404 17
536 3351 665 3406 melidoti
682 3353 732 3422 (sic
749 3355 879 3422 saeptos).
979 3361 1012 3409 21
1033 3356 1136 3424 epithi-

114 3421 249 3480 matium.
314 3427 349 3475 24
368 3421 443 3488 quod
463 3423 513 3490 (sic
531 3424 613 3489 codis
634 3439 689 3491 quo
710 3423 870 3480 Carnarius.
935 3432 969 3481 26
988 3428 1137 3482 vetonicae

123 3494 165 3560 (ul
182 3492 302 3562 saepius)
321 3492 429 3547 radices
448 3493 618 3588 fascicolum.
691 3499 726 3549 34
744 3495 827 3552 linea.
