2438 3802
508 116 746 181 -186-

70 290 103 341 66
122 281 310 359 continuum,
338 281 364 339 si
391 280 431 338 ita
460 296 582 338 necesse
612 278 715 358 luerit,
746 280 849 339 uteris,
895 278 1000 339 Pulmo
1029 278 1138 340 ovillus

122 386 210 447 quam
233 369 457 428 recentissimus
480 369 632 447 protinus,
656 366 725 426 dum
746 367 841 427 adhuc
863 375 959 447 tepet,
981 367 1138 446 adpositus

69 469 104 519 66
122 460 263 517 continuo
291 457 414 516 discutit
444 464 474 515 et
507 464 652 533 expurgat
683 455 800 516 livores.
846 455 913 515 Alni
945 455 1014 515 lolia
1046 475 1138 534 quam

121 546 248 625 plurima
267 553 297 605 et
312 546 442 604 recentia
458 547 658 622 superinponc
673 552 703 604 et
717 544 811 624 alliga,
827 543 993 604 medeberis
1012 547 1138 626 tumori3

121 634 243 695 livorem
267 652 337 693 vero
361 635 449 692 etiam
473 650 554 710 eum,
583 635 634 711 qui
660 632 696 692 de
721 636 863 712 sanguine
888 632 1030 694 collectus
1055 633 1166 693 vide-s

70 735 102 784 61
122 722 216 801 bitur,
240 721 334 782 tolles.
375 719 564 780 Absinthium
588 722 693 781 tritum
718 730 839 782 etcum
863 721 948 781 melle
972 721 1139 800 diligentis-

122 814 195 871 sime
224 809 380 870 subactum
408 808 590 886 malagmatis
618 809 706 869 modo
734 811 906 888 impositum
938 809 1046 871 livores
1077 813 1138 871 cito

70 910 104 960 62
123 901 240 958 eximet.
280 896 379 957 Vitelli
401 916 525 958 ovorum
547 900 736 959 incoctorum
759 901 897 977 coagitati
921 906 951 958 et
969 898 1046 959 inliti
1065 898 1138 959 livo-

122 1005 181 1066 res,
204 988 256 1065 qui
279 1005 315 1046 ex
334 996 451 1046 tumore
470 995 520 1047 aut
539 987 702 1048 conlisione
721 986 819 1067 aliqua
838 987 909 1048 lacti
928 997 1026 1067 erunt,
1045 989 1139 1048 etiam

121 1082 238 1136 veteres
262 1082 430 1136 extenuant.
1153 1095 1178 1134 ιο

69 1175 102 1226 63
210 1165 254 1225 Ad
278 1164 436 1243 lentigines
457 1164 493 1224 de
512 1165 587 1226 facie
605 1164 749 1226 tollendas
768 1163 939 1226 lenticulam
957 1183 1025 1235 cum
1045 1163 1137 1225 scobe

123 1255 205 1314 tenui
233 1253 269 1314 de
298 1271 389 1314 corno
419 1255 538 1314 cervino
572 1262 602 1314 et
633 1271 736 1314 sevum
769 1255 921 1314 cervinum
952 1255 1064 1332 pariter
1093 1253 1137 1314 di·

121 1343 201 1423 vide,
234 1361 328 1422 coque
357 1351 387 1403 et
414 1351 478 1403 tere
507 1352 594 1422 atque
628 1342 696 1404 inde
729 1341 834 1401 faciem
863 1341 908 1402 vel
935 1349 1003 1402 aute
1031 1341 1138 1402 horam

121 1430 219 1492 balnei
242 1431 288 1504 vel
311 1434 399 1492 etiam
422 1434 454 1491 in
472 1431 578 1492 balneo
597 1431 770 1509 frequenter
788 1430 914 1511 inlinito,
937 1432 978 1490 ita
997 1438 1030 1490 ut
1050 1433 1138 1509 quasi

120 1536 175 1598 pro
203 1538 278 1600 pane
306 1520 388 1579 molli
416 1521 522 1599 utaris3
551 1519 790 1580 efficacissimum
813 1519 1062 1579 medicamentum
1086 1536 1177 1579 err-15

121 1610 260 1688 perieris,
294 1608 345 1668 sed
379 1606 535 1668 lenticulae
564 1609 657 1667 maior
687 1626 756 1687 pars
787 1609 838 1688 sit,
872 1626 982 1668 cornus
1015 1615 1045 1667 et
1073 1610 1137 1668 sevi

121 1696 252 1777 aequalis
274 1714 423 1757 mensura.

68 1796 103 1846 64
210 1784 340 1846 Herbam
363 1785 577 1866 verrucariam,
605 1783 634 1844 id
663 1791 709 1844 est
731 1783 955 1866 heliotropium,
979 1792 1136 1845 contusam

122 1884 151 1935 et
178 1873 331 1935 subactam
359 1873 473 1935 adiecta
501 1872 570 1933 salis
597 1875 673 1934 mica
706 1873 930 1952 adpositamque
958 1872 1135 1933 malandrio·

121 1965 162 2024 sis
191 1962 238 2022 vel
264 1963 326 2044 his‚'
355 1965 407 2041 qui
433 1980 574 2023 verrucas
606 1963 773 2042 patiuntur,
801 1962 943 2041 prodesse
971 1961 1136 2040 plurimum
1150 1980 1177 2020 so

68 2063 101 2113 66
121 2059 246 2113 constat.
282 2050 482 2112 Verrucarum
501 2069 610 2130 genera
630 2053 727 2111 omnia
745 2050 808 2111 fimi
826 2052 924 2110 canini
943 2052 1041 2110 exiisti
1060 2052 1136 2111 cinis

121 2149 206 2202 curat
229 2143 400 2220 impositus3
424 2142 510 2201 urina
534 2157 652 2218 quoque
672 2141 755 2200 canis
778 2157 846 2199 cum
866 2157 920 2199 suo
939 2140 1054 2199 recenti
1072 2138 1135 2200 luto

67 2240 102 2290 66
120 2229 203 2290 inlita
227 2229 388 2312 plurimum
412 2227 542 2307 prodest.
583 2227 709 2306 Sanguis
733 2245 838 2287 recens
861 2230 955 2288 muris
979 2229 1071 2288 occisi
1089 2227 1137 2288 vel

120 2320 184 2395 ipse
208 2335 275 2376 mus
299 2316 411 2376 divisus
434 2323 522 2394 atque
544 2316 696 2394 adpositus
716 2323 800 2376 sanat
819 2323 850 2376 et
868 2315 966 2376 abolet
985 2334 1135 2377 verrucas.

68 2417 101 2466 ov
121 2404 224 2464 Fimus
248 2403 353 2463 ovillus
376 2421 482 2463 recens
505 2402 641 2464 manibus
665 2403 806 2464 subactus
831 2412 861 2464 et
879 2405 1032 2484 emplastri
1051 2423 1134 2467 more
1149 2421 1176 2466 aa

121 2493 274 2571 adpositus
298 2491 432 2568 deterget
456 2508 603 2551 verrucas.

66 2593 101 2642 68
210 2580 253 2640 Ad
274 2579 421 2640 lichenem
440 2578 523 2640 labae
542 2579 653 2641 farinae
672 2583 790 2641 unciam
809 2580 830 2662 l,
849 2581 929 2641 faeni
948 2584 1048 2660 graeci
1067 2583 1136 2642 lari·

120 2687 176 2730 nae
203 2670 322 2730 unciam
346 2667 372 2742 1,
401 2671 531 2729 samsuci
557 2671 676 2729 unciam
699 2668 725 2748 Ι,
753 2670 864 2730 farinae
887 2670 992 2730 hordei
1016 2673 1136 2731 unciam

121 2775 219 2838 unam,
238 2758 405 2838 aphronitri
418 2759 537 2819 unciam
553 2756 582 2838 S,
600 2756 752 2836 sulphuris
767 2759 885 2818 unciam
901 2757 930 2838 S,
945 2760 1008 2818 ervi
1022 2759 1134 2819 farinae

120 2848 238 2908 unciam
264 2846 292 2908 S.
333 2845 413 2908 llaec
441 2849 538 2908 omnia
564 2848 596 2908 in
618 2846 759 2926 pollinem
782 2848 991 2907 tenuissimum
1015 2847 1176 2909 redactam

121 2945 204 2998 aceto
227 2935 348 3015 colliges
372 2944 402 2998 et
424 2935 619 3017 permiscehis
643 2943 672 2996 et
695 2938 736 2997 ita
759 2935 869 2997 licheni
892 2934 1030 3014 adpones
