2438 3802
520 187 557 196 -
606 151 761 215 240—

134 333 222 392 quam
246 313 335 374 alium
359 313 518 374 manducet
541 313 656 373 inlusos
679 315 711 372 in
735 332 823 393 aqua,
847 332 922 392 quos
943 315 1079 374 incoctos
1104 314 1154 374 vel

134 412 195 463 tres
224 411 275 463 aut
301 421 337 464 eo
365 402 505 482 amplius,
534 401 613 481 quod
642 411 741 462 tamen
769 420 829 462 non
853 404 892 462 sit
915 404 1053 481 nimium,
1084 404 1153 463 siue

133 510 208 570 pane
232 492 411 553 manducare
435 490 532 551 dehet.

80 596 114 646 66
222 580 300 659 Nitri
326 580 386 640 albi
413 578 585 640 matronalis
607 579 715 658 pilulas
739 582 871 660 quinque
899 579 946 639 rel
974 588 1090 658 septem
1121 582 1155 640 iu

135 677 217 731 aceto
246 671 391 730 acerrimo
421 668 531 748 solves,
559 686 594 728 ex
624 687 683 747 quo
712 668 844 747 singulos
872 668 993 747 cyathos
1019 686 1074 746 per
1098 671 1182 729 tri-s

81 774 114 822 61
136 760 227 818 duum
255 758 369 817 lienoso
392 759 493 817 ieiuno
517 756 661 817 bibendos
685 757 777 818 dahis.
819 756 917 817 Herba
940 759 1089 818 vettonica
1115 774 1155 818 ex

137 849 203 906 vino
227 846 350 906 decocta
373 854 403 906 et
425 848 511 924 potui
532 845 654 906 lienosis
678 847 745 906 data
768 847 930 925 plurimum
954 846 1085 925 prodest.

80 945 114 995 58
224 933 256 993 Sl
279 935 347 1012 quis
370 934 407 994 de
430 934 532 1013 splene
555 937 630 995 asini
649 936 778 996 arefacto
798 935 919 996 cottidie
938 937 1058 994 ieiunus
1078 953 1154 1012 pau·

134 1022 232 1083 sillum
255 1024 487 1103 manducet‚<ita
509 1031 648 1102 potenter
671 1024 833 1105 sanabitur,
856 1034 890 1084 ut
912 1026 991 1084 intra
1014 1024 1153 1084 triduum

81 1123 114 1172 66
135 1111 246 1172 utilitas
273 1112 399 1172 remedii
427 1112 517 1173 huius
545 1120 692 1192 appareat.
738 1113 837 1173 Herba
860 1112 996 1192 hippuris
1020 1114 1193 1173 contritam

134 1209 164 1261 61
187 1219 256 1262 cum
278 1203 347 1261 vino
371 1209 490 1262 austero
515 1209 566 1262 aut
589 1220 658 1262 cum
681 1200 807 1280 oxymeli
834 1203 919 1280 potui
948 1202 1016 1261 data
1044 1209 1152 1279 poten-

81 1301 114 1349 6ο
137 1292 249 1350 tissime
277 1289 399 1351 lienosis
423 1292 581 1352 succurrit.
623 1289 757 1350 flederae
781 1289 930 1350 silvaticae
953 1292 1055 1368 nigrae
1080 1289 1153 1350 folia

135 1381 263 1439 contrita
282 1387 312 1439 et
331 1399 367 1439 ex
382 1381 449 1440 vino
465 1381 550 1458 potui
564 1379 631 1439 data
645 1378 767 1438 lienosis
781 1381 908 1438 maximo
923 1378 1031 1438 auxilio
1051 1389 1151 1459 eruut,

135 1471 176 1528 ita
194 1476 228 1528 ut
245 1469 342 1546 primo
362 1467 409 1527 dle
426 1469 492 1547 tria,
512 1467 618 1527 deinde
634 1469 775 1549 quinque,
793 1469 883 1528 tertio
897 1474 1021 1546 septem,
1042 1476 1151 1545 quarto

135 1574 249 1637 novem,
269 1558 372 1633 quinto
388 1555 536 1634 undecim,
555 1564 638 1616 sesto
653 1556 806 1634 tredecim,
827 1557 952 1634 septimo
969 1555 1151 1637 quindecim,
1167 1572 1193 1612 15

135 1653 238 1706 octavo
261 1643 349 1726 xvh,
373 1663 451 1704 nono
475 1643 589 1724 XVllll,
613 1645 727 1704 decimo
751 1644 819 1704 XXl
843 1644 960 1705 dentur.

82 1745 114 1794 61
223 1732 420 1793 Utilissimum
442 1731 563 1793 lienosis
586 1733 643 1793 hoc
662 1733 828 1794 remedium
848 1741 906 1794 est:
930 1732 1042 1811 Caprae
1061 1733 1151 1793 lacta-

134 1841 183 1882 res
212 1821 399 1882 ahstinentur
427 1840 444 1881 a
472 1820 538 1881 cibo
571 1840 625 1901 per
657 1821 806 1902 triduum,
838 1823 928 1882 tertio
961 1821 1009 1882 dle
1037 1821 1152 1883 hedera

135 1911 338 1972 tantummodo
369 1918 541 1972 saturantur
569 1917 599 1971 et
624 1910 813 1992 mulguutur,
845 1918 1004 1990 autequam
1031 1910 1151 1992 hihant3

134 2001 161 2059 si
192 2018 229 2060 ex
261 2019 296 2060 eo
329 2000 404 2061 lacte
437 2001 582 2061 sextarios
613 2008 675 2061 tres
704 2018 757 2078 per
785 1999 919 2060 triduum
947 1999 1057 2059 calidos
1092 2008 1151 2059 sta·
1167 2015 1194 2054 ro

135 2090 201 2170 tim,
231 2089 378 2167 quomodo
407 2089 496 2149 mulsi
528 2089 654 2169 luerint,
684 2091 802 2150 ieiunus
835 2088 966 2148 lienosus
999 2091 1151 2166 acceperit

133 2179 186 2258 ita,
211 2188 244 2237 ut
268 2177 365 2238 nullos
393 2177 465 2238 alios
494 2177 577 2238 cibos
604 2177 654 2238 illo
683 2177 783 2238 triduo
809 2176 981 2257 manducet,
1008 2183 1150 2256 potenter

132 2265 294 2327 sanabitur.

80 2366 114 2416 62
222 2352 356 2413 lrenacei
383 2353 442 2413 lien
466 2371 550 2414 assus
574 2356 605 2412 in
628 2353 695 2414 ciho
719 2362 856 2432 sumptus
879 2353 1026 2414 lienosum
1050 2353 1149 2414 effica-

79 2454 113 2504 63
134 2443 209 2501 citer
232 2459 338 2501 curare
357 2442 461 2501 fertur.
498 2441 676 2519 Vulpeculae
697 2444 785 2502 etiam
804 2444 887 2502 iecur
906 2443 1023 2503 aridum
1042 2445 1149 2504 tritum
1164 2457 1191 2499 as

80 2543 115 2591 64
134 2547 202 2589 cum
230 2529 357 2607 oxymeli
385 2530 486 2589 datum
516 2529 636 2590 lienosis
669 2532 744 2590 mire
777 2531 922 2592 medetur.
973 2530 1150 2592 Coclearum

135 2616 358 2678 combustarum
378 2619 453 2679 cinis
477 2636 545 2678 cum
568 2618 622 2678 lini
646 2622 757 2680 semine
782 2627 870 2698 atque
895 2621 1008 2680 urticae
1033 2622 1149 2680 semine

136 2708 225 2767 tritus
244 2707 359 2767 adiecto
379 2706 475 2789 melle,
499 2707 578 2786 quod
597 2709 669 2769 satis
689 2708 846 2789 videbitur,
870 2708 992 2768 adsidue
1011 2727 1028 2768 a
1046 2710 1148 2769 ieiuno

81 2808 114 2857 66
136 2796 247 2856 lienoso
271 2804 412 2875 acceptus
435 2797 513 2856 intra
535 2815 648 2874 paucos
669 2797 732 2858 dies
752 2816 820 2858 eum
840 2797 962 2858 sanabit.
1000 2796 1149 2859 Lienosus

134 2885 253 2965 oxylera
277 2885 399 2946 adsidue
422 2884 525 2945 hibere
549 2886 638 2947 debet
661 2895 691 2948 et
715 2887 785 2947 dum
809 2893 941 2966 curatur,
960 2887 991 2944 in
1010 2892 1147 2947 ventrem
1162 2901 1189 2941 oo

80 2985 114 3034 66
134 2974 222 3035 dehet
244 2977 350 3035 iacere.
387 2975 464 3035 Ruta
483 2993 551 3035 cum
571 2976 656 3055 adipe
675 2978 813 3037 anserino
833 2974 878 3036 vel
897 2974 1058 3053 gallinaceo
1077 2994 1149 3035 con-

81 3075 114 3124 61
134 3065 203 3124 trita
227 3082 325 3142 pauno
348 3064 469 3125 inducta
493 3063 616 3125 6111661
640 3066 769 3144 inposita
788 3064 871 3124 sedat
890 3063 1029 3123 dolorem.
1065 3063 1148 3124 Ster-

135 3171 189 3212 cus
207 3171 355 3231 aprunum
371 3155 483 3213 siccum
498 3155 661 3213 contritum
676 3171 711 3212 ex
726 3154 793 3212 vino
808 3154 892 3230 potui
906 3152 1008 3213 datum
1022 3152 1148 3231 pulchre

134 3258 194 3300 uon
218 3241 314 3301 solum
337 3240 457 3322 splenis,
481 3241 533 3300 sed
557 3249 586 3300 ot
610 3242 726 3301 renium
750 3240 846 3301 dolori
869 3241 1013 3302 medetur.

224 3382 256 3429 11
282 3375 422 3446 oxymelli.
478 3380 511 3429 19
534 3375 699 3445 mulgunlur
717 3375 787 3445 (sic).
842 3382 877 3432 20
895 3377 1031 3448 triduum]
1052 3375 1149 3434 duum.

134 3451 169 3500 24
186 3445 330 3502 irenascei.
395 3451 429 3500 25
448 3461 544 3501 curere
562 3446 664 3518 fertur]
682 3462 792 3502 accurre
810 3448 937 3505 refertur.
1000 3447 1148 3518 vulpioull.

130 3516 317 3572 6666166111.
391 3521 426 3569 28
445 3515 564 3574 adleoto.
636 3524 670 3573 29
690 3522 828 3589 acceptos.
901 3526 936 3575 34
953 3520 1090 3575 medetur.
