2438 3802
483 129 725 193 -111-

93 288 257 350 fluentibus
280 289 456 350 mirabiliter
479 291 624 351 medetur.
671 291 793 352 Costum
819 302 977 354 contusum
1001 303 1031 356 et
1054 298 1110 356 cri·
1129 309 1163 357 41

93 377 213 438 bratum
246 378 370 438 naribus
402 379 540 439 intricato
573 387 603 440 et
630 379 808 458 profluvium
840 383 926 442 sistet
953 390 983 442 et
1010 383 1111 444 ulcera

93 466 219 528 sanabit.
266 467 364 527 Ranae
393 467 515 528 rubetae
544 471 659 529 occisae
687 471 718 529 in
747 469 828 529 lumo
852 470 998 530 arefactae
1022 475 1111 550 parti·
1130 485 1164 534 42

95 555 171 635 cula,
191 565 300 634 quanta
319 555 478 636 videbitur,
501 559 533 616 in
552 557 673 618 linteolo
692 559 823 619 involuta
843 567 927 618 etex
948 559 1015 620 licio
1035 561 1110 620 collo

63 661 240 724 ssuspensa
263 647 337 723 eius,
361 647 410 705 cui
433 664 520 705 nares
544 645 649 726 lluunt,
673 649 748 707 mire
772 648 902 726 prodest.
938 649 1045 708 Linum
1065 648 1110 709 vel
1128 660 1162 710 43

92 751 225 813 papyrus
252 732 339 812 ligata
369 736 532 801 summitati
565 738 677 796 veretri
709 736 802 797 virilis
834 740 1009 815 sanguinem
1042 756 1109 816 pro·

92 823 237 883 fluentem
260 821 382 882 naribus
406 825 481 882 mire
504 825 649 901 reprimit.
684 824 742 884 Pili
761 828 874 904 caprini
898 825 1038 887 conbusti
1061 827 1109 887 ad·
1128 839 1163 888 44

93 913 170 972 iecta
194 913 260 989 pice
285 918 314 971 et
337 918 421 972 aceto
444 913 550 972 inserti
574 912 696 973 naribus
718 915 777 974 cito
797 917 970 992 sanguinem
990 918 1108 977 sistunt.

92 999 174 1060 Lana
198 999 299 1060 sucida
323 1019 357 1060 ex
383 1018 437 1060 ove
461 1000 569 1061 femina
592 1001 732 1079 decerpta
756 1011 844 1080 atque
872 1005 982 1064 intorta
1012 1006 1109 1066 made·
1128 1017 1162 1065 45

51 1107 78 1146 ao
92 1089 230 1168 factaque
253 1107 320 1148 rosa
344 1088 456 1167 liquida
480 1097 510 1150 et
533 1089 654 1150 naribus
676 1090 769 1150 indita
788 1094 941 1169 sanguinis
960 1092 1109 1152 abundan-

91 1179 165 1238 tiam
188 1180 333 1255 reprimit.
380 1177 502 1238 Cocleae
530 1182 618 1239 tritae
642 1197 711 1238 cum
734 1187 818 1239 aceto
847 1180 970 1240 naribus
998 1180 1109 1241 inditae
1128 1193 1163 1243 46

92 1268 228 1346 quamvis
252 1284 373 1344 magnos
391 1266 502 1327 lluores
521 1268 674 1345 sanguinis
693 1275 895 1345 compescunt.
929 1267 961 1327 Si
979 1269 1106 1328 feminae
1128 1281 1162 1331 tt

92 1357 215 1434 sanguis
238 1373 273 1414 ex
297 1355 420 1415 naribus
444 1358 534 1416 nimie
554 1355 672 1437 defluat,
695 1353 871 1415 mammillae
891 1357 956 1416 eius
975 1358 1107 1416 vincian-

91 1453 143 1504 tur
162 1446 291 1522 corrigio
310 1445 440 1523 caprino.
477 1443 557 1504 Pilos
576 1444 631 1504 sub
651 1452 754 1504 ventre
774 1445 838 1503 vivo
857 1443 950 1524 lepori
967 1444 1108 1505 candidos
1127 1457 1161 1507 48

51 1548 78 1589 ιο
91 1533 183 1593 velles
211 1540 241 1593 et
264 1533 396 1592 servabis
420 1541 450 1592 et
473 1551 540 1593 cum
567 1551 640 1592 usus
664 1535 811 1612 exegerit,
834 1534 962 1593 intortos
987 1533 1108 1594 naribus

92 1621 256 1682 fluentibus
280 1621 393 1682 fulcias.
430 1621 600 1700 Specularia
621 1622 765 1682 conbusta
785 1641 821 1682 cx
840 1631 923 1683 aceto
943 1631 1108 1702 temperan·
1127 1635 1161 1684 49

91 1719 142 1771 tur
170 1719 200 1770 et
223 1711 313 1770 fronti
337 1713 402 1770 eius
425 1710 606 1790 inlinuntur,
635 1713 684 1772 cui
707 1730 795 1771 nares
817 1711 922 1771 lluunt.
970 1711 1107 1789 Slongiae
1127 1724 1161 1773 oo

91 1799 246 1859 Africanae
271 1799 433 1859 conbustae
457 1801 542 1880 cinis,
565 1801 591 1860 si
614 1800 737 1860 naribus
758 1799 921 1877 hauriatur,
945 1800 1107 1878 plurimum

91 1887 222 1967 prodest.
252 1887 284 1947 Si
303 1898 332 1948 et
352 1906 405 1966 per
423 1906 511 1948 nares
531 1895 561 1948 et
579 1906 634 1966 per
653 1907 686 1948 os
701 1890 822 1966 sanguis
836 1887 918 1968 lluat,
936 1888 1028 1966 herba
1044 1908 1106 1949 ver·
1126 1901 1160 1949 51

52 1976 183 2056 sobena,
211 1995 299 2055 quam
328 1976 432 2037 Graeci
460 1975 675 2036 hierobotanen
703 1976 820 2055 dicunt,
848 1995 915 2036 cum
945 1980 1007 2036 suis
1031 1977 1107 2037 radi·

92 2063 179 2126 cibus
203 2083 238 2126 ex
263 2084 338 2144 aqua
357 2065 478 2125 decocta
498 2072 529 2125 et
547 2063 696 2143 percolata
714 2072 843 2143 potatur.
876 2064 1000 2125 Porrum
1022 2068 1107 2125 secti·
1127 2077 1160 2126 52

91 2173 161 2215 vum
190 2162 254 2214 tere
283 2163 313 2215 et
336 2173 442 2215 sucum
470 2153 594 2214 cerebro
623 2155 688 2214 eius
716 2153 854 2234 infunde,
883 2155 935 2231 qui
961 2153 1106 2232 profluvio

91 2245 210 2303 narium
237 2243 366 2320 laborat,
399 2245 498 2303 statim
530 2241 697 2303 medebere.
746 2241 918 2303 Milelolium
952 2261 987 2302 ex
1022 2250 1106 2303 aceto
1126 2254 1160 2304 53

91 2333 202 2392 teritur
224 2340 253 2392 et
272 2332 394 2392 naribus
413 2332 559 2413 hauritur,
583 2335 725 2392 continuo
745 2334 879 2411 quamvis
898 2333 1022 2392 nimium
1042 2351 1106 2392 san-

49 2434 77 2476 as
91 2423 213 2499 guinem
242 2423 328 2481 sistit.
374 2420 407 2480 Si
434 2439 470 2480 cx
497 2440 556 2482 una
580 2439 651 2482 nare
676 2423 796 2500 sanguis
820 2422 936 2503 defluit,
960 2422 1106 2482 diversam
1126 2434 1160 2484 54

92 2509 257 2570 auriculam
277 2528 344 2570 cera
367 2509 529 2570 obturabis.
559 2509 683 2571 Carmen
704 2510 739 2570 ad
759 2510 938 2591 profluvium
953 2513 1105 2590 sauguinis
1126 2523 1159 2572 oo

91 2616 128 2658 ex
153 2617 340 2677 quocumque
365 2598 498 2659 membro
522 2601 676 2660 manantis.
714 2600 835 2679 Locum,
859 2619 895 2660 ex
915 2619 973 2678 quo
993 2600 1105 2680 defluit,

91 2686 184 2764 digito
208 2687 376 2747 medicinali
399 2696 502 2766 tanges
526 2696 556 2746 et
578 2690 669 2748 vicies
688 2690 798 2765 septies
818 2689 899 2748 dices
919 2697 948 2748 et
968 2692 1106 2766 quotiens

90 2774 221 2835 volueris
245 2785 371 2855 repetes,
395 2776 489 2836 donec
510 2775 636 2835 fluorem
660 2778 823 2855 pervincas,
844 2793 956 2836 socnon
980 2795 1106 2855 socnon3

49 2865 168 2924 somire
192 2864 321 2943 prodest.
367 2862 508 2923 Pollicem
536 2870 566 2922 et
592 2861 795 2921 medicinalem
820 2862 945 2939 digitum
969 2881 985 2922 a
1008 2865 1106 2923 fronte
1125 2876 1159 2926 oo

91 2969 188 3032 usque
213 2953 247 3012 ad
272 2952 430 3014 cerebrum
458 2959 488 3010 et
516 2950 584 3010 inde
612 2967 707 3026 usquc
731 2949 767 3009 ad
791 2951 938 3009 cervicem
962 2949 1053 3010 duces
1077 2957 1107 3009 et

90 3043 233 3120 nonagies
257 3044 359 3102 novies
380 3041 476 3101 dices:
499 3040 601 3099 sirmio
625 3038 742 3118 sirmi03
765 3037 844 3116 quod
864 3037 900 3097 ad
919 3055 1020 3097 aurem
1041 3039 1105 3097 eius

91 3132 185 3208 partis
209 3130 269 3190 dici
292 3138 423 3210 oportet,
447 3129 483 3189 de
508 3147 565 3207 qua
590 3146 660 3188 nare
685 3128 805 3205 sanguis
828 3126 1007 3204 propensius
1030 3126 1104 3186 fluit.

90 3217 221 3278 Herbam
241 3221 418 3279 vettonicam
438 3227 526 3299 teres,
546 3221 596 3279 cui
610 3215 762 3297 paululum
778 3214 855 3295 salis,
875 3222 1018 3294 quantum
1033 3215 1104 3275 duo·
1124 3225 1157 3277 ot

49 3321 77 3363 ao
91 3305 149 3368 bus
177 3307 277 3387 digitis
306 3307 411 3386 pollice
440 3317 469 3369 et
497 3307 665 3368 medicinali
692 3324 797 3385 capere
823 3305 970 3386 potueris,
994 3305 1104 3366 adicies

164 3495 284 3551 asistit.
357 3497 423 3550 tet
440 3511 491 3552 om.
566 3495 723 3568 6papirus.
797 3494 990 3551 leonnatus.
