2438 3802
439 162 680 227 -287-

55 327 143 387 cinus
172 325 292 403 sanguis
320 332 462 403 exceptus
491 331 520 384 et
548 324 719 402 coagulatus
748 343 781 385 ac
810 343 901 404 super
926 323 1070 386 carbones

55 420 172 475 assatus
195 415 227 473 in
250 411 318 473 cibo
341 412 428 474 datus
446 412 623 474 mirabiliter
641 413 821 493 profluvium
839 415 952 474 ventris
972 431 1070 473 emen-

55 503 114 564 dat.
146 501 265 562 Cervini
284 519 394 562 cornus
413 501 449 562 de
468 503 542 580 ipsis
560 500 719 582 radicibus,
740 520 815 581 quae
834 503 924 580 capiti
937 501 1070 583 haerent,
1089 514 1122 563 99

55 589 155 652 scobis
182 590 251 651 lima
278 592 473 651 tenuissimus
501 590 597 651 lactus
626 599 656 651 et
679 591 715 652 ad
739 591 877 670 dragmae
900 608 1070 651 mensuram

27 698 124 744 scum
152 680 214 739 vini
241 680 354 739 austeri
381 678 486 758 cyatho
511 678 597 739 datus
621 681 707 740 sistet
730 681 838 740 nimios
862 681 976 740 ventris
998 679 1072 739 lluo·

54 787 114 849 res,
138 769 165 828 si
187 766 234 827 vel
261 767 361 827 triduo
384 768 495 845 iugiter
518 767 646 828 bibatur.
687 767 775 829 Panis
799 770 916 829 anticus
935 786 970 828 ex
990 767 1123 828 lacte100

55 875 188 936 capruno
216 855 357 916 decoctus
385 863 415 916 et
442 873 525 916 more
554 855 727 917 sorbitionis
750 860 863 918 ventris
887 857 969 918 llrtxu
992 856 1071 916 labo·

55 947 135 1006 ranti
158 944 204 1005 bis
227 944 263 1004 ad
283 943 362 1004 diem
381 944 467 1005 datus
487 946 546 1004 cito
566 948 725 1006 succurrit.
757 945 850 1027 Aqua,
873 948 904 1006 in
924 962 982 1025 qua
1002 955 1122 1006 cor-101

55 1036 131 1095 tices
159 1032 243 1094 labae
271 1033 306 1093 ad
334 1034 438 1094 tertias
462 1033 601 1094 decoctae
625 1033 750 1114 luerint,
774 1037 799 1094 si
822 1034 955 1114 bibatur,
979 1033 1071 1112 pluri-

14 1145 42 1186 ιο
56 1141 139 1184 mum
158 1122 269 1202 cyliaco
287 1121 430 1200 proderit.
460 1120 542 1182 Folia
561 1123 610 1183 lici
628 1123 756 1183 arelacta
775 1122 847 1203 sole,
871 1122 978 1183 deinde
997 1131 1124 1182 con-102

55 1211 144 1272 busta
171 1218 202 1272 et
228 1212 259 1272 in
283 1211 416 1270 cinerem
438 1210 558 1271 redacta
581 1219 669 1290 atque
693 1229 730 1270 ex
753 1213 820 1271 vino
844 1220 963 1272 austero
986 1212 1071 1288 potui

57 1299 124 1360 data
147 1301 259 1360 ventris
281 1298 395 1359 fluxum
419 1298 580 1359 efficaciter
603 1299 716 1360 sedant.

145 1387 272 1449 Medulla
299 1389 421 1448 vaccina
448 1405 517 1448 cum
545 1388 639 1448 farina
666 1389 751 1448 tenui
779 1386 901 1448 subacta
929 1396 959 1447 et
983 1386 1122 1447 velut103

57 1484 197 1539 excoctus
211 1479 298 1556 panis
312 1476 424 1536 cibatui
438 1475 505 1537 data
519 1478 593 1536 mire
608 1476 821 1557 dysintericum
836 1484 928 1557 sanat,
943 1477 1070 1536 maxime

15 1586 43 1628 15
57 1568 83 1627 si
106 1575 137 1627 et
159 1584 265 1627 caseus
287 1564 419 1626 bubulus
441 1583 548 1625 recens
572 1566 776 1627 manducetur.
813 1565 938 1644 Adipem
962 1583 1065 1643 capru-
1073 1574 1124 1624 104

55 1673 128 1716 num
151 1655 188 1714 de
211 1653 335 1714 renibus
359 1652 509 1714 sublatum
531 1655 625 1714 misce
648 1673 717 1716 cum
740 1653 876 1733 polentae
903 1652 1070 1714 iurluribus

56 1750 146 1821 atque
175 1742 256 1803 adice
283 1741 345 1803 illic
373 1744 523 1822 cyminum
551 1750 581 1803 et
608 1743 749 1804 anethum
773 1751 804 1803 et
827 1750 944 1803 acetum
967 1743 1070 1820 aequis

57 1829 245 1909 portionibus
272 1838 360 1910 atque
389 1849 425 1891 ex
455 1849 530 1909 aqua
558 1831 692 1911 decoque
720 1839 750 1892 et
778 1831 905 1892 colatum
935 1829 1070 1890 sorbitio·
1155 1865 1158 1870 -

58 1921 106 1979 nis
135 1936 218 1978 more
245 1919 425 1999 dysinteriae
453 1920 521 1980 dato
550 1920 742 2001 sumendum,
769 1922 844 1980 mire
873 1919 1070 1998 celeriterque

15 2029 44 2069 so
59 2006 226 2068 subvenies.

146 2095 205 2157 Lac
233 2095 365 2178 ovillum,
394 2097 472 2176 quod
501 2096 697 2157 candentibus
724 2096 840 2175 glareae
863 2095 1011 2176 lapidibus
1034 2097 1123 2156 imos

56 2187 155 2264 ipsum
188 2185 232 2246 lac
261 2185 407 2246 demersis
440 2193 638 2265 excoquatur,
671 2185 852 2265 dysinterieo
884 2187 968 2263 potui
1001 2202 1069 2244 cum

56 2275 129 2352 ipsis
156 2273 305 2354 lapidibus
333 2273 434 2335 datum
464 2277 539 2335 mire
562 2274 698 2355 prodest,
725 2276 766 2334 ita
789 2282 902 2354 tamen,
929 2280 963 2333 ut
985 2275 1069 2352 prius

57 2362 93 2423 de
116 2364 182 2441 ipso
206 2363 282 2423 lacte
305 2380 406 2423 serum
430 2381 517 2424 omne
540 2363 669 2424 tollatur.

14 2470 42 2512 25
146 2451 233 2512 lecur
261 2450 411 2512 hircinum
438 2454 564 2512 missum
592 2455 622 2513 in
653 2451 741 2512 ollam
772 2469 877 2512 novam
906 2469 974 2512 cum
1004 2452 1122 2513 vini1oc

56 2543 168 2601 austeri
192 2540 295 2619 cotylis
319 2559 372 2601 sex
394 2541 431 2601 ad
454 2543 558 2602 tertias
582 2541 747 2622 decoctum,
771 2541 823 2601 sed
840 2541 913 2601 dum
932 2541 1069 2618 excoqui·

55 2636 106 2688 tur
133 2637 348 2709 conpunctum,
376 2639 411 2690 ut
437 2647 524 2690 umor
554 2631 618 2690 eius
647 2649 715 2691 cum
745 2631 813 2690 vino
843 2630 1069 2708 permisceatur,

55 2724 158 2794 postea
182 2717 362 2796 dysinterico
385 2719 471 2797 potui
494 2718 595 2778 datum
619 2719 780 2779 efficaciter
803 2717 933 2796 prodest.

145 2805 330 2883 Dysinterico
360 2813 390 2866 et
412 2809 575 2867 torminoso
599 2816 629 2867 et
657 2809 698 2888 ei,
726 2808 778 2885 qui
808 2808 865 2866 iam
889 2813 1122 2883 corruptumtor

13 2911 42 2952 so
57 2893 232 2970 sanguinem
260 2896 368 2976 egerit,
395 2894 624 2956 saluberrimum
651 2895 901 2955 medicamentum
930 2902 975 2953 est
998 2892 1069 2953 tale:

55 2979 120 3040 liei
144 2981 242 3059 spicae
265 2981 320 3042 llll
342 2991 372 3044 et
395 3001 448 3044 ova
471 2983 531 3044 duo
553 2985 669 3044 incocta
687 2986 718 3044 in
737 3002 830 3045 tinum
851 2989 989 3043 teruntur
1009 2981 1068 3042 his·

56 3086 115 3146 que
139 3067 258 3129 additur
281 3073 342 3131 vini
364 3074 473 3133 veteris
497 3074 644 3132 sextarius
672 3081 702 3133 et
730 3075 869 3152 coquitur
893 3071 929 3131 ad
952 3073 1069 3150 tertias;

55 3155 126 3216 inde
154 3158 288 3238 ieiunus,
317 3178 404 3238 quam
432 3160 593 3239 plurimum
621 3169 733 3242 potest,
766 3164 791 3221 si
818 3160 941 3241 biberit,
972 3160 1068 3220 effica-

55 3245 175 3308 cissime
208 3247 285 3306 iutra
318 3248 450 3310 triduum
487 3258 616 3310 sanatur.
669 3249 842 3330 Spondogos
875 3257 920 3309 est
957 3247 1064 3326 lanugo
1073 3260 1123 3310 108

147 3381 351 3437 lcoucolulus.
427 3383 563 3454 4soopis.
643 3388 676 3438 14
695 3384 872 3454 dysinterico.
956 3387 989 3437 16
1005 3384 1070 3451 post

54 3451 208 3507 furfuribus
227 3453 290 3508 aod.
309 3453 392 3508 luctu.
486 3460 519 3509 18
538 3453 744 3510 sorbitionibus.
835 3459 868 3508 21
888 3458 949 3522 post
967 3450 1070 3520 lapidi·

54 3523 106 3578 buo
126 3525 190 3580 odd.
210 3521 240 3577 id
260 3524 311 3579 est.
384 3529 418 3579 26
437 3524 525 3581 cotili.
598 3531 632 3583 hl
654 3527 685 3584 el·
698 3525 816 3584 humus.
