2438 3802
515 145 756 212 -224—

133 309 425 388 conprehenduntur.
458 307 537 369 llaec
560 311 642 387 potio
661 308 708 368 his
727 309 822 368 modis
841 310 950 369 ieiunis
970 309 1067 369 danda
1088 317 1149 371 est:

133 399 244 458 ciliacis
267 407 298 458 et
321 397 435 478 colicis,
464 400 517 476 qui
544 400 607 457 sine
632 396 715 458 lehre
739 405 840 475 erunt,
869 415 905 457 ex
930 416 1005 476 aqua
1029 398 1151 479 frigida,

132 486 337 548 febriculentis
356 506 392 547 ex
411 505 495 567 aqua,
519 487 550 546 in
575 505 631 564 qua
650 485 791 546 anethum
810 486 845 546 ad
864 489 968 546 tertias
987 486 1151 548 decoctum

133 576 237 654 luerit,
264 578 296 636 in
324 574 520 636 declinatione
543 592 613 634 vero
637 574 728 634 febris
752 574 787 634 ad
811 574 1044 652 magnitudinem
1071 576 1150 636 avel-

49 714 51 717 .
132 664 225 744 lanae,
248 664 412 743 spleniticis
436 681 472 723 ex
493 681 567 740 aqua
587 681 655 723 cum
675 681 801 742 cappare
820 663 941 723 decocta
961 663 1076 742 cyathis
1095 667 1177 725 tri-⁵

133 751 189 811 hus
218 751 421 830 magnitudine
449 770 506 830 qua
535 769 637 831 supra,
666 753 789 831 epaticis
819 751 974 811 dimidium
997 752 1151 814 avellanae

134 839 267 920 modum,
296 838 500 900 lehriculentis
529 858 565 899 ex
592 840 773 919 hydromelis
801 840 905 919 cyatho
933 839 980 900 vel
1008 858 1044 899 ex
1072 860 1152 920 aqua

133 927 238 1008 mulsa,
260 930 292 988 in
316 947 373 1006 qua
393 929 533 989 anethum
553 946 621 988 cum
640 928 769 989 surculis
788 931 850 989 suis
870 929 961 989 fuerit
980 928 1152 1012 decoctum,

134 1016 336 1096 orthopnoicis
363 1017 565 1096 magnitudine
592 1016 739 1077 avellanae
767 1019 891 1078 remissa
918 1019 950 1076 in
978 1020 1056 1077 aceti
1080 1019 1151 1080 scil·

133 1103 208 1165 litici
236 1105 413 1166 cocliarihus
442 1114 582 1186 qivattuor
608 1124 644 1165 ex
672 1124 765 1184 aquae
789 1105 899 1166 calidae
924 1105 1038 1184 cyathis
1063 1117 1191 1185 quat-10

134 1203 211 1273 tuor,
230 1195 264 1254 ad
285 1213 435 1272 spasmum
455 1203 485 1256 et
504 1194 603 1254 cordis
619 1192 752 1254 dolorem
767 1194 812 1254 vel
826 1202 986 1255 tremorem
1002 1213 1038 1254 ex
1053 1214 1151 1274 aquae

134 1282 246 1343 mulsae
271 1283 375 1362 cyatho
399 1283 602 1364 magnitudine
626 1282 781 1344 avellanae.
821 1282 865 1342 Ad
888 1283 990 1343 lateris
1014 1283 1150 1345 dolorem

135 1390 171 1430 ex
195 1390 270 1450 aqua
294 1371 388 1432 mulsa
411 1372 614 1452 magnitudine
638 1371 784 1432 avellanae
803 1378 906 1431 contra
929 1380 1046 1432 noctem
1066 1372 1151 1433 dahi-

134 1467 193 1539 tur,
217 1460 252 1520 ad
277 1461 424 1538 singultus
448 1460 611 1540 etquihus
634 1460 729 1540 frigus
753 1462 841 1520 etiam
863 1469 974 1520 aestate
993 1461 1151 1543 insederit,

135 1567 170 1607 ex
195 1567 270 1627 aqua
293 1549 389 1609 mulsa
412 1549 498 1610 modo
523 1547 683 1629 avellanae3
713 1549 850 1627 pthisicis
878 1567 914 1608 ex
938 1567 1010 1608 suco
1034 1551 1151 1611 tisanae
1167 1568 1192 1611 ro

134 1636 181 1696 vel
204 1655 240 1696 ex
264 1636 352 1696 mulsi
375 1638 488 1717 cyathis
508 1637 604 1699 trihus
623 1637 711 1697 modo
729 1637 886 1717 avellanae,
905 1638 1093 1715 dysintericis
1113 1658 1151 1699 ex

134 1744 223 1804 posca
248 1726 361 1804 cyathis
385 1726 501 1786 duobus
520 1725 607 1786 modo
627 1727 734 1786 ciceris
753 1727 879 1807 arietini,
902 1727 1091 1804 auruginosis
1112 1745 1150 1787 ex

135 1833 228 1892 aquae
251 1813 364 1874 mulsae
389 1815 501 1894 cyathis
525 1813 641 1875 duobus
670 1814 816 1874 avellanae
845 1813 981 1894 duplum,
1009 1815 1150 1893 dysuriae

136 1911 166 1962 et
194 1902 307 1963 calculo
336 1922 372 1964 ex
395 1923 488 1983 aquae
512 1903 625 1984 cyathis
648 1902 758 1983 trihus,
782 1905 813 1962 in
838 1921 895 1981 qua
918 1911 981 1963 tres
1005 1904 1150 1983 manipuli

136 1992 194 2070 apii
218 1991 330 2052 fuerint
353 1992 477 2073 decocti,
500 1991 704 2072 magnitudine
728 1990 883 2052 avellanae.
1165 2011 1192 2050 ao

84 2088 117 2138 14
224 2079 308 2141 Potio
332 2081 367 2141 ad
388 2100 459 2160 epar
477 2082 642 2161 utilissima,
666 2089 820 2159 praeterea
839 2079 911 2140 haec
930 2081 995 2158 ipsa
1013 2098 1151 2159 comper-

135 2176 198 2228 tum
223 2177 253 2229 et
276 2179 523 2246 praesentaneum
547 2169 710 2230 remedium
736 2176 782 2229 est
805 2170 894 2228 etiam
917 2168 953 2228 ad
976 2168 1077 2228 lateris
1097 2169 1150 2229 do-

135 2256 238 2337 lorem,
261 2260 369 2336 accipit
392 2257 477 2319 haec:
505 2259 621 2337 Piperis
646 2291 686 2300 -
706 2257 728 2336 l,
752 2259 827 2318 costi
853 2289 891 2299 —
913 2257 934 2336 l,
958 2256 1053 2335 lupini
1076 2260 1152 2318 sicci

136 2347 228 2404 amari
251 2345 333 2404 -1
369 2345 448 2406 Haec
472 2349 570 2406 omnia
594 2348 672 2406 sicca
696 2354 784 2406 tunsa
803 2345 931 2405 cribrata
950 2347 1040 2405 mixta
1060 2346 1151 2407 simul

136 2449 276 2512 repones3
305 2451 372 2492 cum
401 2451 476 2510 opus
504 2435 603 2513 luerit,
627 2452 720 2494 unum
748 2433 881 2494 cocleare
905 2433 1024 2513 plenum
1049 2434 1096 2494 vel
1125 2436 1151 2495 si
1166 2452 1192 2494 ao

136 2521 215 2579 vires
239 2521 418 2580 infirmiores
443 2528 526 2604 suut,
549 2539 662 2602 rasum,
686 2521 715 2581 id
740 2529 786 2581 est
809 2522 965 2602 ruclatum,
989 2541 1057 2582 cum
1081 2525 1150 2583 vino

136 2614 255 2668 austero
279 2609 378 2667 ieiuno
403 2611 517 2687 epatico
536 2628 590 2688 per
610 2610 673 2670 dies
693 2618 754 2670 tres
773 2609 819 2670 vel
839 2613 970 2690 quinque
991 2613 1150 2672 continuos

136 2695 232 2777 dabis,
260 2699 300 2757 ita
329 2704 363 2757 ut
391 2698 421 2757 in
452 2717 486 2758 eo
514 2698 607 2759 latere
635 2698 818 2777 conplicatus
847 2699 1027 2778 aliquamdiu
1055 2701 1151 2761 iaceat

136 2793 167 2845 et
190 2787 341 2866 cooperiat
365 2805 396 2846 se
421 2789 507 2868 sagis,
532 2795 653 2849 etcum
677 2789 809 2868 coeperit
833 2788 949 2868 sudare,
972 2787 1050 2848 levet
1069 2807 1101 2848 se
1121 2798 1151 2849 et

136 2874 305 2936 deambulet
328 2875 387 2936 diu,
1163 2895 1190 2936 eo

84 2975 117 3025 15
225 2964 298 3026 Item
318 2973 474 3044 expertum
494 2975 582 3044 atque
602 2966 674 3026 utile
694 2965 730 3026 ad
750 2984 821 3044 epar
840 2965 1003 3024 remedium
1020 2965 1056 3024 de
1072 2965 1150 3026 loliis

136 3055 186 3114 lici
209 3054 308 3134 aridis,
332 3054 361 3114 id
386 3062 431 3114 est
450 3056 569 3116 siccatis
588 3054 643 3115 sub
665 3053 769 3122 umbra
790 3061 820 3114 et
838 3053 975 3113 arefactis
994 3055 1074 3113 tritis
1094 3056 1150 3114 cri·

135 3141 291 3221 blatisque,
316 3143 351 3202 de
377 3162 435 3222 quo
459 3143 581 3221 pulvere
606 3161 673 3204 cum
698 3141 816 3202 condito
841 3141 877 3201 ad
900 3160 1071 3202 mensuram
1092 3145 1150 3203 tria

227 3293 434 3348 thidromelis.
526 3293 741 3364 tortopuoicis.
822 3294 963 3348 remissae.
1042 3293 1149 3350 scilliti.

137 3369 171 3417 14
190 3364 337 3434 siugulhos
411 3369 444 3418 15
462 3364 619 3434 pthipsieis.
691 3365 829 3420 thisauee.
900 3371 931 3420 16
951 3364 1151 3422 disiuthericis.

136 3439 169 3487 21
187 3436 370 3503 compertum.
442 3441 475 3489 28
490 3435 531 3488 ito
546 3437 577 3490 ut
590 3437 619 3490 iu
634 3452 667 3490 eo
681 3436 770 3489 latere
785 3435 969 3508 conplicatus]
984 3435 1151 3492 itesolctere

137 3502 303 3572 conplictue.
376 3503 547 3572 aliquandiu.
