2438 3802
506 147 747 212 -142-

117 319 268 392 teruntur,
286 320 320 372 ut
338 310 498 391 solvantur,
522 311 629 371 deinde
648 311 808 372 mittuntur
826 312 858 371 in
878 329 927 372 vas
946 311 1023 371 aeris
1044 309 1131 370 rubri

118 408 207 479 atque
236 401 406 461 adiciuntur
434 407 532 460 cetera
560 408 590 459 et
619 408 789 478 coquuntur
812 399 847 459 ad
871 399 967 460 mellis
991 402 1131 460 crassitu-

118 489 230 569 dinem3
254 488 323 550 hinc
347 488 465 549 dabitur
488 488 534 548 bis
557 488 603 548 vel
626 496 673 548 ter
697 488 789 567 digito
809 488 922 567 lingere
946 491 982 569 ei,
1002 490 1051 548 cui
1070 507 1131 547 rne-

118 577 248 638 dendum
272 586 325 637 est.

82 680 98 728 8
207 666 251 725 hd
271 665 436 746 synancbes
454 664 620 725 molestiam
639 675 668 726 et
682 665 811 725 faucium
831 664 962 725 dolorem
982 663 1158 742 periculo-s

120 773 186 815 sum
205 754 308 814 efficax
328 754 512 814 medicamen
532 755 689 815 conficitur
707 753 864 832 diligenter
888 761 917 813 et
941 752 1130 813 reconditum

118 846 150 904 in
173 843 322 923 praesidio
345 842 484 904 habetur:
520 841 579 924 lus,
603 845 633 903 in
658 861 716 921 quo
741 842 933 903 hirundinum
955 840 1029 920 pulli
1053 844 1131 902 cocti

118 933 243 1012 fuerint,
271 933 417 1012 accipitur
440 939 545 1010 tepens
569 939 599 992 et
621 933 699 992 intra
723 931 824 992 fauces
847 932 1018 991 continetur
1041 937 1131 1008 atque

83 1035 98 1083 a
118 1021 228 1099 aliquid
247 1021 317 1081 inde
336 1022 556 1081 transmittitur.
587 1019 644 1080 Sed
663 1022 823 1100 praecipue
843 1027 945 1080 contra
960 1018 1131 1098 synanchen

118 1109 254 1189 prodest,
282 1109 543 1170 si·birundininos
570 1108 667 1188 pullos
692 1111 771 1168 vivos
801 1112 831 1168 in
854 1108 924 1168 nido
949 1107 1076 1186 prendas
1100 1115 1131 1167 et
1145 1126 1172 1166 10

118 1201 199 1258 vivos
223 1198 373 1277 incendas,
394 1207 428 1258 ut
451 1197 548 1276 pulvis
572 1217 606 1258 ex
630 1197 678 1257 his
696 1198 757 1276 liat,
779 1196 827 1257 die
845 1196 922 1256 Iovis
942 1196 1042 1256 liduna
1061 1196 1131 1255 luna

118 1294 227 1347 vetere.
262 1286 319 1346 Sed
343 1285 477 1367 observa,
500 1295 534 1347 ut
552 1288 671 1365 inpares
689 1288 720 1346 in
739 1285 808 1345 nido
827 1287 960 1345 invenias
979 1294 1009 1344 et
1028 1287 1131 1363 quanti

119 1376 231 1435 fuerint
254 1394 369 1436 exuras.
406 1375 520 1436 Horum
543 1377 574 1436 in
593 1374 686 1436 calida
704 1392 780 1453 aqua
798 1373 950 1453 pulverem
969 1372 1132 1435 bibendum

119 1463 203 1524 dabis
227 1474 257 1525 et
280 1465 316 1523 de
339 1466 404 1542 ipso
429 1464 550 1543 pulvere
574 1463 666 1543 digito
689 1463 788 1523 locum
811 1462 976 1543 synanches
995 1461 1031 1521 ab
1051 1464 1131 1522 intro

97 1556 287 1632 continges3
310 1552 465 1612 miraberis
489 1552 663 1631 remedium,
687 1553 739 1612 sed
760 1551 860 1612 inlotis
880 1550 1016 1611 manibus
1035 1568 1172 1610 reme-1⁶

67 1654 100 1702 10
120 1641 201 1701 dium
224 1642 322 1701 iacies.
368 1641 489 1720 Rotam,
515 1640 618 1720 alium,
641 1640 718 1700 laser
746 1640 862 1719 aequali
887 1657 1027 1699 mensura
1052 1641 1131 1712 trita,

120 1733 146 1790 si
173 1748 208 1789 ex
238 1732 304 1788 vino
333 1731 496 1808 gargarizet
524 1731 575 1808 qui
603 1728 772 1808 synanchen
800 1730 926 1808 patitur,
956 1735 1072 1788 certum
1102 1735 1132 1788 et

119 1836 261 1896 praesens
285 1818 449 1878 remedium
472 1820 589 1878 sentiet.

68 1919 99 1967 11
208 1905 417 1967 Praecantabis
439 1908 557 1967 ieiunus
580 1907 713 1966 ieiunum
739 1912 844 1965 tenens
868 1904 975 1984 locum,
999 1906 1050 1982 qui
1074 1907 1133 1964 erit

119 1996 150 2054 in
169 2012 266 2076 causa,
291 1995 390 2073 digitis
410 1994 517 2075 tribus,
539 1995 569 2055 id
589 2001 634 2054 est
653 1993 767 2073 pollice,
787 1992 883 2052 medio
905 2000 935 2052 et
954 1992 1131 2072 medicinali,
1146 2010 1172 2053 1ο

59 2076 61 2083 '
119 2083 247 2144 residuis
277 2084 393 2144 duobus
422 2083 542 2144 elevatis
569 2083 664 2144 dices:
705 2082 762 2142 Exi
788 2081 875 2141 hodie
899 2088 980 2161 nata,
1009 2083 1034 2141 si
1063 2089 1131 2141 ante

119 2181 199 2254 nata,
228 2175 253 2232 si
276 2172 365 2232 hodie
388 2181 500 2252 creata,
528 2174 553 2232 si
577 2180 645 2233 ante
669 2181 780 2250 creata,
804 2171 880 2230 banc
902 2180 1031 2249 pestem,
1055 2170 1131 2230 banc

119 2261 326 2340 pestilentiam,
344 2260 424 2321 hune
444 2261 584 2342 dolorem,
607 2260 687 2320 hunc
705 2267 862 2339 tumorem,
881 2258 960 2319 hunc
980 2258 1131 2339 ruborem,

118 2349 171 2408 has
194 2348 283 2429 toles,
311 2349 364 2409 has
387 2349 513 2427 tosillas,
539 2349 619 2409 bunc
642 2366 765 2427 panum,
789 2347 841 2407 has
864 2347 1029 2428 paniculas,
1053 2347 1130 2408 hanc

119 2444 270 2517 strumam,
294 2436 370 2497 hanc
390 2437 581 2517 strumellam,
603 2437 680 2512 hanc
698 2435 880 2514 religionem,
905 2454 1004 2515 evoco,
1023 2436 1127 2510 educo,
1143 2451 1169 2493 2⁵

67 2539 99 2586 11
120 2533 242 2585 excanto
272 2525 308 2585 de
336 2528 402 2586 istis
431 2525 586 2606 membris,
614 2524 758 2585 medullis.
800 2524 843 2584 hd
872 2524 984 2588 tosillas
1010 2524 1129 2604 herbae,

119 2632 193 2692 quae
213 2613 312 2692 lingua
331 2613 440 2675 bubula
460 2615 579 2694 dicitur,
598 2613 682 2673 radix
705 2615 784 2673 circa
804 2611 912 2672 collum
931 2613 1050 2691 inligata
1065 2612 1128 2691 plu·

66 2715 98 2763 13
119 2704 227 2762 rimum
257 2703 387 2780 prodest.
434 2702 558 2763 Gladioli
586 2701 688 2762 lolium
718 2701 850 2762 medium
880 2702 1007 2762 divisum
1037 2709 1067 2761 et
1096 2703 1127 2760 in

118 2789 340 2851 similitudinem
364 2810 491 2852 coronae
514 2793 545 2852 in
570 2809 601 2851 se
625 2809 771 2851 conexum
795 2809 828 2850 ac
847 2808 902 2869 pro
923 2799 1028 2869 torque
1048 2791 1128 2850 circa

66 2892 99 2941 14
119 2879 226 2940 collum
249 2879 382 2940 habiturn
406 2880 518 2942 tosillas
542 2881 633 2941 sedat.
671 2880 764 2940 Pruni
782 2879 897 2939 arboris
917 2879 985 2939 lolia
1004 2898 1040 2939 ex
1058 2881 1127 2938 vino
1143 2895 1169 2935 eo

65 2981 96 3031 15
118 2969 239 3029 decocta
268 2977 297 3029 et
320 2972 500 3048 gargarizata
527 2969 638 3030 tosillas
662 2967 806 3029 molliunt.
853 2967 941 3027 Turis
967 2986 1074 3028 manna
1098 2975 1129 3028 et

117 3077 215 3137 myrra
237 3066 267 3119 et
290 3059 508 3119 cinnamomum
533 3066 563 3118 et
581 3057 736 3136 galbanum
757 3058 859 3135 aequis
878 3055 1062 3134 ponderibus
1081 3074 1127 3116 se-

115 3149 241 3224 paratim
269 3146 304 3206 ad
333 3146 481 3207 levitatem
510 3154 633 3206 contusa
661 3143 847 3222 cribrataque
876 3152 906 3205 ct
934 3163 1002 3205 curn
1028 3147 1128 3205 resina

188 3305 301 3371 lvusp.
357 3296 550 3365 bsynonchis.
616 3297 846 3354 therundinum.
911 3296 1127 3367 9synenchem.

117 3374 150 3423 10
168 3368 361 3423 hirundininos
380 3367 487 3438 pullos]
506 3367 682 3422 harundines.
757 3372 790 3421 14
809 3368 957 3422 sinencbis.
1024 3373 1056 3422 tc
1075 3368 1128 3421 tri-

114 3442 182 3494 tum.
262 3445 294 3493 17
314 3439 484 3494 sinanchem.
562 3444 596 3492 22
615 3440 731 3493 alterum
750 3437 822 3492 hone
841 3455 891 3494 om.
964 3444 999 3493 24
1020 3438 1127 3508 pulum.

100 3510 253 3574 panuclae.
329 3515 363 3563 at
381 3508 540 3581 inligatum.
