2438 3802
518 153 759 222 -134-

87 332 90 337 ’
132 327 162 380 33
185 319 317 380 furfures
339 336 407 378 cum
427 336 503 397 aqua
521 317 616 379 mulsa
636 318 784 398 decoques
805 326 835 378 et
853 336 907 398 pro
926 315 1146 396 gargalismatio

78 422 111 472 33
132 409 227 469 uteris
255 407 290 467 ad
319 425 406 468 uvam
434 407 637 486 reparandam.
679 406 784 468 Aleum
810 425 878 467 cum
902 405 961 466 sale
985 407 1090 466 tritum
1114 407 1146 465 in

78 509 112 562 3ο
132 497 259 558 cocleari
277 496 445 576 adpositum
463 514 538 556 uvae
557 495 749 557 vehementer
768 514 832 556 eam
851 494 970 555 relevat.
998 493 1063 554 hlei
1082 513 1146 556 um-

131 585 263 666 bilicum,
282 603 340 664 quo
359 602 450 663 grana
469 586 663 645 continentur
679 593 767 664 atque
782 584 834 644 ubi
848 583 964 644 radices
978 583 1145 663 inhaerent,

83 693 85 700 ·
132 693 200 734 cum
223 675 297 752 ipsis
321 672 472 734 radicibus
495 675 527 733 in
550 673 707 752 phoenicio
736 673 850 751 conliga
879 680 910 733 et
937 671 1083 732 laboranti
1106 672 1173 732 des

77 776 110 827 at
132 782 188 824 uva
211 761 280 822 luna
304 763 429 841 septima
452 761 628 841 phylacterii
651 780 733 822 more
756 760 930 840 suspendes.
977 759 1072 821 Ovum
1096 779 1145 821 ex·

131 853 276 911 inanitum
301 849 481 929 completum
505 852 569 911 viva
592 858 672 910 terra
695 851 760 912 loco
782 850 881 911 clauso
901 851 927 909 si
946 848 1146 910 abscondatur

131 939 167 1000 ab
192 958 235 1020 eo,
259 941 311 1017 qui
334 938 370 999 de
390 938 526 999 faucibus
545 948 575 1000 et
594 941 711 1000 arteriis
729 938 884 1019 laborabit,
907 937 1040 998 remedio
1059 957 1145 1016 prae·

78 1042 112 1091 32
132 1030 209 1088 senti
232 1026 290 1088 sibi
313 1027 458 1088 subvenit.
505 1026 570 1088 Olei
593 1029 702 1089 veteris
730 1028 809 1108 quod
836 1030 908 1088 satis
931 1029 988 1087 erit
1011 1027 1145 1087 inlusum

131 1116 253 1177 naribus
281 1125 428 1177 tumorem
454 1119 632 1177 arteriorum
656 1135 794 1196 represso
818 1116 952 1196 periculo
976 1117 1144 1176 suffocatio·
1159 1133 1186 1172 ro

78 1218 111 1268 33
131 1208 178 1265 nis
202 1207 320 1265 evincit.
366 1203 483 1266 Fimum
507 1205 723 1286 columbinum,
752 1206 826 1266 licus
854 1205 952 1265 aridas
977 1211 1007 1264 et
1031 1206 1145 1264 nitrum

130 1293 239 1356 tundes
263 1312 356 1373 eaque
380 1296 470 1356 mixta
494 1296 680 1356 extrinsecus
703 1293 848 1375 adpones3
875 1293 932 1353 hoc
960 1291 1146 1353 medicamen

77 1394 112 1446 34
130 1385 320 1461 asperitatem
340 1383 471 1444 faucium
490 1383 584 1443 mollit
603 1382 890 1461 destillationemque
909 1383 1041 1459 castigat.
1072 1380 1145 1442 Coc·

130 1472 192 1532 leae
216 1480 295 1531 terra
319 1478 436 1532 tantum
455 1490 580 1532 excussa
598 1471 707 1532 inlotae
727 1478 904 1550 coquuntur,
929 1469 1036 1529 dehinc
1056 1472 1144 1530 tritae

131 1579 199 1622 cum
218 1578 305 1638 passo
324 1559 441 1620 Cretico
461 1561 617 1620 adversum
638 1560 766 1620 faucium
785 1559 935 1620 molestias
954 1557 1143 1620 hauriuntur.
1160 1573 1186 1614 15

77 1660 111 1711 33
130 1649 169 1710 ΙΙ3
187 1649 317 1709 faucium
337 1648 477 1708 duritiam
496 1647 597 1728 lenias,
621 1648 805 1708 medicamen
824 1648 914 1708 facies
932 1646 1003 1708 tale:
1027 1646 1144 1726 Myrrae

134 1737 248 1818 -Ill,
272 1738 353 1797 croci
379 1770 416 1780 -
438 1737 464 1818 l,
488 1736 671 1815 tragacanthi
697 1735 809 1815 -ΙΙΙ,
833 1737 1009 1796 ammoniaci
1034 1768 1072 1779 —
1094 1735 1145 1818 itt,

131 1825 227 1886 mellis
255 1825 335 1905 quod
363 1828 435 1886 satis
463 1827 510 1886 sit.
557 1823 662 1886 Omnia
689 1825 763 1885 haec
792 1827 862 1885 trita
885 1832 973 1902 atque
996 1826 1144 1904 permixta

130 1913 275 1974 recondes
295 1922 325 1975 et
344 1924 446 1993 parato
466 1921 608 1993 certoque
628 1913 760 1975 subsidio
782 1913 817 1974 ad
838 1914 961 1973 arterias
981 1915 1144 1974 crassiores

79 2020 112 2070 36
132 2011 163 2063 et
195 2003 230 2063 ad
264 2003 467 2064 difficultatem
500 2005 581 2064 vocis
614 2005 717 2064 uteris.
769 2002 812 2063 ad
845 2009 979 2063 tumores
1011 2021 1082 2063 uvae
1114 2010 1186 2064 etro

131 2093 261 2153 faucium
294 2093 500 2171 reprimendos
530 2093 702 2171 gargalizari
732 2099 849 2171 oportet
880 2091 1008 2170 tepidam
1037 2110 1144 2170 aquam

130 2182 257 2243 mulsam
280 2199 349 2241 cum
372 2199 475 2241 urnore
498 2184 611 2242 tisanae
637 2189 757 2242 etcum
781 2179 867 2240 melle
891 2180 1052 2260 decoctam,
1075 2199 1144 2259 pas-

131 2288 198 2330 sum
222 2287 341 2347 quoquc
364 2287 433 2328 cum
452 2269 633 2347 glycyrrhiza
657 2268 703 2329 vel
725 2269 838 2348 hysopo
862 2268 907 2329 vel
931 2270 1016 2329 laeuo
1036 2287 1144 2347 graeco

131 2356 178 2417 vel
201 2357 254 2416 lini
277 2357 390 2416 semine
414 2355 570 2416 decoctum
590 2359 670 2417 iuvat
694 2374 810 2416 necnon
834 2366 864 2417 et
887 2376 961 2436 aqua
981 2356 1144 2418 malvarum

78 2460 112 2510 37
131 2444 191 2505 illic
210 2446 394 2504 incoctarum
414 2443 632 2522 gargalizatioui
650 2443 812 2524 plurimum
827 2445 957 2523 prodest.
986 2444 1065 2506 Bene
1081 2448 1143 2525 opi·
1159 2460 1185 2501 ra

132 2532 244 2594 tulatur
264 2539 293 2592 et
312 2531 476 2591 lomentum
495 2550 549 2611 per
564 2532 714 2611 siongeam
731 2533 895 2594 adhibitum
911 2553 945 2594 ex
961 2553 1035 2612 aqua
1051 2533 1143 2595 calida

131 2622 258 2682 arteriae
281 2627 312 2680 et
330 2619 475 2699 saucibus,
499 2638 572 2699 quas
590 2628 690 2700 partes
710 2629 812 2701 postea
832 2625 891 2701 tegi
910 2622 1060 2702 oportebit
1080 2623 1145 2684 lana

132 2709 234 2771 sucida
258 2727 340 2787 pura.

78 2815 112 2865 38
222 2797 332 2859 Sedant
361 2805 492 2859 tumores
518 2799 648 2860 saucium
671 2807 701 2861 et
724 2818 797 2861 uvae
820 2802 1031 2880 perunctiones
1056 2818 1145 2878 quae·

132 2890 212 2970 dam,
240 2897 275 2948 ut
304 2905 395 2948 sucus
423 2888 459 2948 de
488 2890 579 2950 moris
607 2898 710 2951 coctus
738 2891 769 2950 in
792 2889 888 2950 mellis
911 2888 1145 2969 spissitudinem,
1159 2909 1186 2950 ao

131 2981 203 3039 item
222 2976 291 3038 mali
306 2975 411 3037 Punici
431 2995 590 3055 granorum
610 2997 709 3058 sucus,
728 2981 799 3039 item
818 2997 891 3039 uvae
910 2976 1033 3038 acerbae
1054 2996 1145 3038 sucus

132 3067 237 3128 eodem
259 3065 347 3126 modo
371 3065 528 3146 decoctus3
552 3067 673 3146 prodest
696 3074 726 3127 et
749 3067 867 3126 lentisci
885 3074 915 3126 et
933 3065 1095 3126 terebinthi
1114 3077 1146 3128 et

132 3156 206 3215 rhus
221 3155 333 3234 Syriaci
349 3163 379 3214 33
393 3163 506 3233 myrtae
523 3163 552 3214 et
571 3155 638 3214 rubi
658 3162 688 3214 et
706 3172 791 3214 rosae
811 3172 909 3234 suone,
929 3157 1038 3215 sicum
1058 3155 1145 3216 melle

132 3243 325 3303 haecomnia
351 3243 571 3323 decoquantur3
598 3260 694 3321 pruna
724 3261 842 3321 quoque
870 3250 996 3322 prosunt
1019 3251 1145 3325 matura,

204 3375 359 3432 bfoenicio.
410 3375 557 3430 3313333ἰί.
608 3375 840 3433 lebscondiatur.
892 3382 925 3432 10
940 3377 1145 3448 suffugationis.

133 3453 166 3501 15
185 3447 340 3501 ebrientur.
394 3451 426 3500 16
445 3446 576 3514 myrrhae
595 3448 662 3516 (alc).
714 3453 746 3502 17
766 3448 929 3504 braoacanti.
971 3448 1146 3505 333333331-

131 3517 199 3572 3333.
247 3524 281 3572 33
299 3515 447 3588 glycerium
494 3523 528 3571 25
547 3517 667 3574 incocta.
722 3517 858 3588 prodeunt
877 3521 945 3591 (alc).
992 3526 1026 3576 33
1045 3525 1145 3590 myrto.
