2438 3802
518 124 756 186 ..75-

120 285 241 346 adsidue
270 284 373 345 inlitus
408 287 501 345 aciem
533 284 687 345 oculorum
716 285 840 364 caligine
873 294 1030 347 extenuata
1063 305 1131 346 con·

120 375 224 434 firmat.
256 373 437 434 Scarabaeus
457 372 564 433 coloris
584 373 763 452 smaragdini
777 381 892 434 tantum
907 374 1045 435 beneficii
1059 388 1185 437 ocu-100

119 462 155 522 lis
182 470 333 541 praestare
362 461 485 541 dicitur,
513 470 546 523 ut
576 465 717 522 visionem
745 465 773 523 ei
796 465 996 523 acutissimam
1020 464 1132 544 reddat,

120 553 262 630 quicum
290 550 506 629 contemplatus
534 551 625 611 luerit
652 551 783 612 adsidue.
830 551 950 612 Cocleas
976 552 1184 613 Africanastol

89 659 203 701 avenas
231 657 322 718 super
350 642 474 718 spissam
504 640 674 700 craticulam
703 641 861 720 dispositas
888 642 991 720 ponito
1015 649 1045 699 et
1069 659 1133 699 car-

118 728 211 788 bones
234 746 318 789 acces
342 728 464 788 adsidue
488 731 652 810 suggerito,
677 737 710 789 ut
733 729 895 808 aequaliter
919 728 1133 809 conburantur,

118 817 225 876 deinde
252 819 394 877 mortario
424 818 525 898 terito,
556 825 589 878 ut
616 819 825 878 tenuissimum
849 837 885 878 ex
908 817 955 878 his
979 818 1132 897 pulverem

119 906 222 985 iacias,
249 905 421 984 adiectaque
444 905 540 965 mellis
564 905 654 967 Attici
677 906 772 986 cotyla
796 926 854 967 una
883 909 993 968 iterum
1017 907 1132 968 validis·

119 996 193 1053 sime
225 997 313 1054 terito
347 1003 376 1054 et
408 994 597 1072 postmodum
630 997 659 1055 iu
693 995 811 1055 vasculo
844 996 928 1056 fictili
960 1015 1071 1075 repone
1103 1004 1132 1056 et

75 1103 102 1142 10
118 1085 201 1161 signa
220 1091 250 1143 et
269 1102 335 1143 cum
351 1082 440 1144 alicui
458 1083 571 1142 mederi
587 1083 675 1164 voles,
695 1083 816 1163 specillo
836 1084 904 1145 inde
924 1103 992 1145 eum
1013 1088 1131 1164 inunge,

116 1173 193 1231 intra
218 1190 329 1250 paucos
348 1172 411 1231 dies
430 1173 574 1250 integram
595 1175 687 1232 aciem
706 1175 770 1233 eius
790 1172 957 1251 claramque
977 1175 1126 1233 restitues.

116 1259 163 1320 ru
183 1278 218 1319 ex
239 1261 338 1339 vipera
358 1259 513 1339 collyrium
532 1260 568 1320 ad
586 1260 725 1338 caligines
745 1260 901 1321 oculorum
920 1260 1184 1340 adaperiendas102

116 1347 378 1428 discutiendasque
402 1349 569 1409 mirificum.
603 1348 853 1427 Comprehensam
877 1351 967 1427 igitur
992 1351 1132 1408 occisam·

117 1455 175 1515 que
199 1439 329 1516 viperam
349 1440 467 1497 invaso
487 1436 570 1497 fictili
588 1455 716 1516 repones
736 1455 859 1517 eamque
879 1437 938 1497 illic
957 1445 1131 1517 putrescerc

74 1546 102 1584 rs
115 1528 281 1607 permittes,
305 1526 398 1586 donec
422 1544 457 1585 ex
482 1544 515 1585 ca
539 1525 694 1586 vermiculi
717 1534 890 1606 nascantur;
913 1525 968 1586 ltos
992 1526 1082 1603 eliges
1102 1534 1132 1586 et

116 1624 254 1674 conteres
282 1623 312 1675 et
340 1615 450 1675 adicies
479 1614 525 1674 his
554 1617 634 1676 croci
662 1615 813 1695 paululum
852 1623 882 1676 et
910 1610 1018 1675 iterum
1052 1623 1131 1675 teres

116 1711 206 1781 atque
229 1703 298 1765 inde
318 1703 437 1782 collyria
457 1704 545 1763 iacies
565 1711 595 1764 et
614 1705 657 1764 sic
677 1723 745 1765 cum
764 1704 850 1765 melle
869 1705 966 1765 Attico
986 1712 1037 1764 aut
1055 1703 1131 1764 lacte

115 1791 254 1852 muliebri
285 1791 379 1852 oculis
408 1794 549 1872 inungcs3
582 1793 660 1852 idem
690 1801 821 1872 praestat
849 1802 878 1854 et
907 1795 982 1854 ciuis
1013 1795 1130 1872 viperae

117 1879 292 1961 conbustae,
321 1883 398 1941 sicut
426 1899 516 1959 supra
545 1883 690 1959 scriptum
718 1891 776 1962 est,
805 1883 856 1941 sed
885 1901 952 1942 cum
980 1882 1027 1941 his
1056 1899 1130 1960 quae

72 1968 164 2029 cohic
188 1969 301 2030 adiecta
326 1977 394 2030 sunt
419 1976 610 2048 temperatus.
651 1969 746 2030 Salem
772 1988 858 2048 quam
883 1970 1183 2030 candidissimumlos

116 2059 233 2118 ieiunus
263 2061 288 2118 si
316 2058 424 2119 cotidie
449 2059 627 2138 gustaveris,
656 2075 772 2117 omnem
797 2057 950 2116 oculorum
974 2056 1130 2133 caliginem

116 2148 175 2207 cito
203 2147 385 2207 extenuabis.
432 2145 484 2206 Fel
512 2148 648 2206 ursinum
677 2153 765 2224 atquc
791 2145 920 2224 hyaenae
945 2163 1013 2205 cum
1039 2142 1184 2208 melleus

116 2237 228 2312 optimo
252 2237 376 2295 mixtum
401 2245 430 2295 et
454 2235 504 2296 diu
529 2236 707 2312 coagitatum
732 2233 872 2312 caligines
897 2236 1006 2313 eximit,
1033 2235 1058 2292 si
1082 2232 1130 2292 ad-

116 2324 201 2384 sidue
229 2324 297 2383 inde
327 2323 404 2384 oculi
433 2323 641 2384 sulluudantur
665 2331 715 2382 aut
740 2323 971 2402 superlinantur.
1016 2321 1184 2401 Adipes105

72 2429 103 2470 so
117 2415 248 2472 omnium
272 2412 434 2473 fluvialium
458 2415 584 2490 piscium
606 2413 636 2472 in
656 2411 718 2472 sole
737 2412 911 2492 liquefactae
931 2413 1130 2490 adiunctoque

116 2500 202 2561 melle
225 2503 393 2560 inunctioni
416 2501 563 2562 adhibitae
587 2501 712 2560 mirilico
736 2501 830 2562 oculis
850 2501 1044 2581 caligantibus
1064 2519 1130 2579 pro-

117 2597 195 2650 sunt.
232 2588 348 2649 Herbae
374 2589 555 2650 chelidoniae
575 2608 689 2669 sucum,
708 2590 829 2652 feniculi
848 2609 954 2651 sucum
978 2591 1013 2650 ad
1039 2601 1183 2668 quar-106

116 2679 208 2738 tarios
236 2677 368 2756 singulos
397 2681 487 2739 misce
515 2698 583 2739 cum
606 2678 702 2739 mellis
730 2682 834 2758 optimi
863 2681 1021 2758 quartariis
1046 2685 1129 2756 quat-

116 2775 185 2827 tuor
204 2774 233 2827 et
255 2765 357 2827 oculos
378 2768 536 2845 gravedine
558 2775 588 2826 et
611 2768 803 2843 aspritudine·
818 2763 986 2827 laborantes
1010 2768 1130 2844 inunge,

72 2857 191 2915 comirc
224 2855 371 2935 proderit,
402 2855 453 2914 sed
483 2853 572 2914 simul
599 2857 697 2912 omnia
726 2854 858 2932 decoque
887 2857 917 2913 in
946 2873 1014 2912 vaso
1043 2871 1130 2912 aereo

116 2951 146 3004 et
174 2945 216 3004 sic
244 2945 410 3005 inunctioni
438 2959 565 3001 reserva.
611 2939 699 3016 Lapis
727 2941 842 3000 medius
866 2944 896 2999 in
920 2940 1020 3017 lupina
1045 2938 1183 3018 pelli-107

116 3031 182 3092 cula
215 3032 380 3111 subligatus
414 3029 488 3091 collo
522 3038 609 3107 atque
639 3029 678 3086 ila
707 3027 758 3087 diu
785 3036 933 3106 portatus,
967 3027 1019 3086 scd
1047 3028 1131 3104 prius

116 3120 255 3182 muliebri
281 3121 357 3182 lacte
385 3125 584 3199 pertractatus
613 3134 672 3176 non
696 3124 809 3177 tantum
834 3116 974 3192 caligines
998 3123 1131 3197 tenuare,

116 3227 220 3270 verum
236 3212 323 3270 etiam
338 3209 510 3289 ypochysim
525 3208 674 3268 discutere
689 3214 720 3266 et
734 3206 891 3267 obductam
907 3205 999 3264 aciem
1015 3206 1130 3282 aperire

74 3301 279 3360 ascousuevit.
318 3297 425 3378 Hygra,
450 3316 524 3376 quae
548 3295 671 3376 prodest
695 3296 776 3357 valde
800 3295 836 3356 ad
856 3294 1010 3372 caliginem
1030 3293 1184 3356 deter-lot

192 3495 204 3541 1
224 3488 257 3542 io
275 3485 421 3541 confirmat
438 3487 600 3543 vocobulum
618 3487 721 3544 desiuit
740 3485 828 3544 codor,
844 3502 935 3557 usquc
953 3486 993 3539 oh
1008 3485 1114 3547 taxus.
