2438 3802
525 99 737 162 ..74-

121 263 284 324 lerventem
310 263 437 322 mittitur
460 269 548 340 atque
575 260 634 321 11119
654 262 839 342 excoquitur,
862 260 956 321 donec
976 263 1051 322 cinis
1073 261 1136 341 frat3

121 351 177 412 hoc
202 352 238 411 de
260 352 462 430 experimento
487 348 650 428 ypoehyses
670 349 869 429 caliginesque
888 357 1027 428 potenter
1047 359 1135 430 atque

68 450 102 501 99
120 441 245 502 mirifice
264 445 379 518 purgat.
417 437 602 516 Anagallidos
622 437 731 498 herbae
750 437 804 499 llos
818 457 989 518 purpureus
1004 439 1038 499 ad
1055 459 1135 501 men-

121 547 220 590 suram
250 528 404 589 obolorum
432 528 524 587 trium
552 526 710 605 diligenter
738 529 827 588 tritus
855 537 885 588 et
912 546 981 588 cum
1009 529 1135 607 pausillo

121 620 182 678 vini
204 620 314 678 veteris
337 618 448 676 mixtus
472 617 640 676 inunctioni
662 615 849 694 caligantium
874 617 1027 676 oculorum
1048 620 1163 680 mira-s

68 717 103 767 9ο
122 706 222 767 hiliter
245 706 375 786 prodest.
416 704 721 785 Lacertas⁸pisinnas,
745 723 819 782 quae
843 707 874 765 in
899 706 1050 784 segetibus
1073 726 1134 767 mo-

122 803 235 874 rantur,
260 813 332 874 quas
351 794 456 854 Graeci
478 811 582 854 arunas
602 801 715 874 vocant,
738 792 894 854 conburito
919 795 1002 854 91911
1024 798 1134 856 tenuis·

122 885 230 943 simum
254 883 406 962 pulverem
430 882 555 961 redigite
579 889 667 960 atque
691 901 727 942 ex
751 900 786 942 99
806 884 960 942 911919199
980 891 1030 944 991
1050 883 1134 944 919119

68 983 102 1033 91
122 975 232 1051 optimo
252 972 412 1050 caligantes
427 970 529 1032 999199
543 972 662 1049 inunge,
682 970 765 1030 valde
780 972 921 1050 proderit.
953 971 1134 1032 centaureae

122 1063 245 1121 minoris
269 1079 339 1122 suco
364 1060 442 1120 oculi
465 1078 501 1119 ex
525 1059 610 1119 melle
634 1061 749 1119 inuncti
773 1059 896 1137 caligine
920 1061 979 1119 cito
1001 1060 1134 1139 deposita
1150 1086 1175 1124 10

68 1161 102 1210 99
122 1152 325 1211 tenuissimam
359 1151 450 1209 aciem
480 1156 643 1209 resumunt.
690 1147 824 1207 Feniculi
852 1148 960 1209 radicis
993 1158 1134 1210 contusae

123 1258 194 1300 suco
229 1239 402 1300 tantundem
436 1236 531 1311 mellis
559 1238 664 1315 optimi
696 1236 862 1314 despumati
900 1239 1013 1297 utinam
1045 1239 1135 1299 Attici

123 1331 245 1389 misceto
274 1346 366 1407 eaque
395 1326 475 1386 lento
503 1328 571 1404 igne
600 1325 634 1385 ad
663 1325 759 1385 mellis
787 1326 1016 1386 crassitudinem
1040 1327 1134 1387 disco·

122 1420 205 1496 quito
229 1420 417 1495 repositoque
438 1417 468 1475 in
494 1414 600 1494 pyxide
625 1416 713 1474 etiam
736 1432 821 1474 aerea
845 1413 965 1495 habet03
989 1433 1058 1475 cum
1077 1419 1135 1476 erit

122 1524 209 1586 999119,
238 1523 305 1566 eum
334 1523 409 1583 aqua
438 1505 598 1563 cisternina
627 1511 677 1563 aut
704 1501 843 1563 muliebri
870 1503 945 1562 lacte
968 1505 1135 1584 inunguito,
1151 1529 1176 1569 19

68 1597 255 1673 9999919919
284 1610 399 1653 crassas
425 1591 565 1669 caligines
589 1592 648 1650 cito
672 1592 822 1652 discuties.
869 1590 1003 1653 Feniculi
1027 1593 1135 1654 radicis

122 1682 260 1743 decoctae
280 1700 354 1759 9999
374 1679 476 1740 999199
496 1679 617 1740 adsidue
637 1680 743 1760 loveto,
765 1682 823 1740 9119
843 1698 959 1740 omnem
979 1680 1135 1759 caliginem

67 1780 103 1829 94
121 1771 216 1830 tolles.
253 1769 486 1847 caliginantibus
505 1767 600 1828 oculis
622 1771 703 1828 91999
718 1772 833 1828 acutior
847 1773 1023 1830 restituetur
1038 1789 1134 1848 neque

121 1859 205 1920 facile
229 1861 260 1918 in
288 1859 344 1918 hoc
368 1860 472 1919 vitium
494 1858 614 1937 incidet,
638 1859 786 1936 9919999
810 1858 900 1919 luerit
923 1858 1055 1919 remedio
1076 1859 1135 1941 tali,

121 1956 354 2009 ut'centaureae
378 1946 560 2025 manipulum
582 1946 708 2007 nitidum
732 1949 762 2006 in
787 1948 847 2006 vini
871 1948 982 2027 optimi,
1006 1948 1058 2007 sed
1083 1966 1134 2008 no·
1150 1971 1177 2010 99

120 2036 252 2098 991199191
281 2038 419 2115 congium
448 2039 544 2096 mittat
573 2045 623 2096 aut
647 2037 735 2096 etiam
759 2045 904 2115 excoquat
928 2054 961 2095 99
986 2035 1084 2096 1911199
1104 2038 1135 2096 19

120 2126 239 2187 99991119
263 2127 362 2186 9191199
387 2124 432 2185 991
456 2132 559 2204 operto
583 2126 727 2184 macerari
746 2125 847 2204 laciat3
871 2124 977 2184 deinde
996 2133 1064 2203 post
1082 2127 1134 2185 tri·

122 2215 213 2275 duum
236 2215 384 2274 heminam
409 2216 473 2272 eius
497 2214 557 2272 vini
580 2214 702 2272 mixtam
721 2231 789 2272 cum
808 2212 900 2272 calida
921 2231 997 2292 aqua
1020 2213 1134 2274 adiecto

68 2309 102 2357 99
122 2302 207 2362 melle
231 2305 349 2361 ieiunus
370 2308 505 2361 manente
524 2299 584 2360 illic
604 2307 761 2360 centaurea
782 2301 902 2361 cottidie
920 2301 1009 2363 bibat.
1045 2301 1135 2363 Lauri

122 2390 188 2449 19119
213 2389 267 2448 XX
294 2389 400 2448 1991199
429 2389 556 2448 99919119
580 2405 666 2466 passo
690 2387 795 2448 diluite
819 2397 848 2449 et
872 2389 962 2451 linteo
987 2391 1082 2452 colato
1106 2400 1175 2452 9199

120 2480 151 2538 in
179 2475 336 2538 caccabulo
360 2477 518 2554 decoquito
547 2475 581 2535 ad
608 2477 835 2537 crassitudinem
865 2479 960 2539 11191119
988 2488 1075 2559 91999
1100 2498 1135 2539 911

67 2574 102 2624 96
122 2585 157 2626 99
180 2567 346 2644 1999199119,
370 2565 530 2624 efficaciter
554 2563 709 2642 caliginem
733 2564 884 2628 discuties.
929 2567 1022 2629 Bacae
1045 2570 1135 2647 myrti

121 2673 210 2734 supra
235 2653 379 2715 carbones
404 2655 484 2712 vivos
508 2652 544 2713 ad
569 2652 818 2731 suffumigandum
841 2658 955 2734 positae
980 2656 1133 2734 caliginem

122 2751 295 2821 extenuant,
329 2744 354 2802 si
382 2740 476 2803 oculis
504 2743 615 2821 apertis
639 2741 752 2802 fumum
781 2763 882 2805 earum
912 2748 1058 2825 patienter
1086 2763 1134 2804 ex-

68 2841 101 2890 91
122 2834 246 2912 ceperis.
283 2830 359 2892 Pulli
378 2831 570 2892 hirundinum
591 2830 636 2891 vel
655 2833 713 2892 assi
735 2832 777 2893 vel
798 2833 866 2894 elixi
885 2835 915 2894 in
936 2833 1001 2895 cibo
1018 2835 1135 2913 saepius
1150 2853 1176 2893 99

68 2930 102 2980 99
122 2924 233 3002 sumpti
260 2921 355 2982 999119
382 2920 609 3000 caliginantibus
634 2922 794 2984 efficaciter
817 2931 951 3002 prosunt.
995 2923 1135 3002 lapidem

121 3010 317 3092 bostrychitin
341 3018 440 3071 tecum
465 3029 582 3089 semper
603 3009 719 3090 habeto,
743 3013 794 3089 991
812 3011 848 3071 911
868 3013 961 3071 aciem
981 3011 1136 3072 oculorum

69 3108 102 3157 99
122 3102 306 3162 excitandam
330 3101 489 3160 ellicaciter
513 3099 642 3178 prodest.
688 3099 781 3158 Μ9919
804 3101 939 3179 agrestis,
963 3100 992 3160 id
1017 3103 1136 3180 estqui

121 3190 152 3248 19
176 3192 287 3268 campis
311 3191 470 3269 invenitur,
494 3187 632 3247 conbusti
652 3188 727 3246 cinis
746 3189 893 3248 contritus
913 3195 942 3248 et
962 3207 1028 3249 9919
1049 3189 1135 3250 melle

192 3391 388 3460 typocheses.
464 3396 495 3445 19
514 3389 677 3460 inungueto.
751 3397 784 3447 27
804 3390 966 3464 inungueto.
1034 3399 1068 3449 30
1088 3396 1136 3450 ha·

120 3463 278 3516 rundinum.
354 3461 607 3530 a1bost1ychiten.
