2438 3802
495 174 736 238 *til-

195 335 282 396 Aliud
305 335 554 395 medicamentum
578 337 700 395 strumis
722 343 752 395 et
771 337 899 414 suspirio
919 338 1031 417 efficax,
1051 339 1121 400 facit
1140 350 1155 400 5

108 433 207 488 autem
230 432 260 485 et
283 424 319 484 ad
342 423 511 485 lumborum
535 423 683 484 diutinum
707 423 840 484 dolorem
864 432 894 485 et
917 425 953 486 ad
972 427 1120 506 paralysin

108 522 138 574 et
161 514 197 573 ad
219 512 398 592 hydropicos
422 513 511 573 etad
535 511 678 593 lienosos,
703 514 860 574 coniicitur
884 516 940 575 sic:
964 514 1121 594 Bruoniae,

106 602 136 662 id
161 612 206 663 est
230 601 312 662 albae
335 603 412 682 vitis,
433 602 542 662 radicis
566 601 591 660 ll
611 601 672 683 Xll,
696 604 748 662 iris
772 601 904 681 Illyricae
929 602 1037 684 llel,
1061 623 1120 664 am-

79 692 235 751 omoniaci
258 698 359 768 guttae
382 689 408 749 ll
428 689 490 767 llll,
514 693 648 769 asparagi
671 690 780 751 radicis
800 690 825 751 ll
844 690 889 771 Vl,
913 691 1011 752 scillae
1037 691 1120 753 hulhi

105 780 193 841 crudi
207 787 351 839 tenerum
377 797 412 838 ex
435 781 579 838 interiore
598 787 682 857 parte
701 778 727 837 ll
746 778 808 859 Xll,
832 781 1015 858 tragacanthi
1033 779 1059 840 ll
1074 780 1119 841 Vl.

106 867 159 928 llis
182 865 278 928 mellis
301 870 445 927 miscetur
469 867 548 946 quod
573 867 709 946 sufficiat,
737 868 788 928 sed
812 871 896 948 prius
920 871 1054 930 contusis
1078 869 1120 929 di·
1144 912 1145 917 η

105 957 232 1035 ligenter
251 965 281 1017 et
300 958 388 1036 tritis,
408 956 502 1016 donec
522 958 617 1016 ceroti
636 955 764 1016 habeant
782 964 1027 1038 temperaturam;
1051 958 1119 1018 inde

105 1064 175 1106 cum
194 1063 268 1124 opus
288 1054 342 1125 est,
361 1045 448 1104 datur
466 1047 567 1105 ieiuno
587 1045 728 1105 denarius
746 1063 825 1106 unns
844 1065 912 1106 cum
934 1065 1027 1125 aquae
1047 1047 1120 1107 mul-

63 1153 91 1193 10
106 1153 154 1195 sae
179 1134 292 1214 cyathis
315 1133 420 1194 tribus.

194 1223 321 1283 Balsami
344 1240 446 1283 semen
469 1224 573 1282 tritum
597 1230 700 1301 potum
727 1240 763 1281 ex
786 1225 854 1282 vino
877 1222 1000 1301 prodest
1024 1224 1119 1301 suspi·
1139 1237 1155 1284 6

106 1313 207 1392 riosis,
237 1312 371 1392 caducis,
399 1311 558 1391 ireniticis,
591 1310 757 1390 pleuriticis
789 1318 818 1370 et
848 1310 882 1369 ad
913 1312 1011 1370 omnia
1040 1312 1119 1391 vitia,

106 1418 181 1479 quae
209 1402 240 1460 in
268 1400 389 1460 thorace
419 1399 599 1480 subsistunt,
631 1398 781 1477 pulmonis
810 1406 840 1458 et
867 1400 990 1477 suspirii
1022 1402 1120 1460 causis

106 1489 250 1549 medetur.
283 1488 430 1567 Thymum
449 1490 552 1548 tritum
572 1496 676 1566 potum
696 1507 732 1548 ex
753 1489 819 1547 vino
839 1495 979 1548 extenuat
997 1496 1028 1548 et
1046 1486 1120 1548 eale·
1140 1501 1155 1549 r

64 1594 92 1637 as
106 1577 176 1638 lacit
190 1596 266 1656 quae
282 1578 396 1637 suntin
411 1576 562 1649 stomacho
577 1579 685 1656 gravia,
704 1576 783 1637 unde
801 1578 963 1655 suspirium
978 1578 1120 1656 nascitur,

104 1673 238 1726 ventrem
263 1684 381 1745 quoque
405 1664 524 1746 relevat,
549 1669 724 1744 sanguinem
743 1675 883 1726 extenuat
906 1673 937 1725 et
955 1683 1030 1743 quae
1050 1674 1121 1725 sunt

104 1754 252 1834 glutinosa
272 1763 301 1814 et
321 1754 473 1814 haerentia
492 1757 524 1814 in
543 1755 663 1815 thorace
683 1763 713 1814 et
732 1754 869 1815 faucibus
885 1754 1022 1814 detrahit.
1053 1753 1118 1814 Orl-
1140 1767 1156 1815 8

104 1861 214 1921 ganum
237 1862 305 1904 cum
324 1861 412 1903 croco
432 1845 538 1903 tritum
557 1851 749 1922 potatumque
770 1861 839 1903 cum
858 1845 926 1902 vino
946 1844 1119 1921 suspiriosis

104 1932 235 2010 prodest.
273 1931 424 2011 Hysopnm
444 1950 563 2010 quoque
582 1931 698 1991 aridum
718 1941 877 1991 contusum
899 1938 929 1990 et
948 1940 1063 1991 cretum
1083 1949 1118 1991 ex
1137 1944 1153 1992 9

65 2039 181 2099 maqua
209 2029 260 2080 aut
287 2023 356 2080 vino
384 2029 435 2080 aut
462 2028 546 2080 aceto
574 2028 626 2080 aut
652 2019 738 2079 melle
764 2019 865 2079 datum
889 2026 940 2078 aut
963 2020 1118 2080 decoctum

105 2128 174 2170 cum
197 2109 295 2187 aliquo
320 2127 409 2188 supra
433 2109 582 2169 dictorum
604 2107 754 2186 liquorum
779 2109 952 2186 suspiriosis
974 2107 1118 2168 medetur.

104 2197 289 2258 Marrubium
317 2198 433 2258 aridum
460 2199 565 2258 tritum
590 2214 659 2257 cum
682 2195 778 2256 mellis
802 2195 941 2256 cocliario
966 2204 1119 2274 sumptum
1140 2208 1173 2256 10

105 2286 151 2346 vel
174 2305 264 2347 sucus
289 2288 353 2347 eius
376 2294 465 2366 potus
488 2304 581 2365 aeque
601 2287 773 2364 suspiriosis
793 2285 925 2345 remedio
945 2287 1010 2345 erit.
1046 2283 1118 2345 Cha·
1137 2297 1169 2344 11

104 2376 241 2455 maedrys
270 2383 427 2436 extenuata
459 2377 589 2454 tritaque
623 2381 652 2435 et
684 2382 753 2453 pota
785 2375 908 2452 prodest
937 2375 1120 2454 suspiriosis,

62 2481 91 2522 aa
106 2482 181 2542 quae
209 2471 333 2543 propter
363 2464 591 2525 crassitudinem
623 2481 707 2524 suam
737 2463 852 2542 liquore
885 2462 998 2544 aliquo,
1031 2466 1121 2524 etiam

104 2571 193 2634 aqua,
218 2555 373 2613 extenuari
396 2552 485 2613 dehet
508 2561 538 2613 et
561 2555 604 2612 sie
628 2554 731 2631 accipi.
772 2551 872 2612 Herba
894 2554 1027 2613 tiniatica
1051 2562 1173 2613 con-12

104 2650 172 2702 tusa
194 2648 225 2701 et
248 2660 284 2700 ex
308 2639 394 2701 melle
418 2640 556 2702 cocliario
577 2650 693 2720 sumpta
713 2643 893 2719 suspiriosos
913 2650 1012 2721 curat,
1035 2651 1120 2702 rutae

105 2749 224 2809 quoque
255 2738 343 2808 atque
374 2728 483 2789 herbae
512 2729 665 2789 blattariae
693 2747 783 2789 sucus
813 2747 867 2807 per
895 2747 927 2789 se
956 2730 1043 2790 datus
1070 2738 1121 2790 aut

105 2819 221 2880 radices
245 2836 347 2878 earum
370 2819 504 2877 incoctae
528 2835 603 2894 aqua
626 2825 656 2876 et
679 2818 763 2895 potui
786 2816 871 2876 datae
895 2818 1031 2878 similiter
1053 2836 1120 2896 pro·

64 2925 92 2965 ao
106 2917 177 2968 sunt
200 2925 317 2967 necnon
342 2913 372 2964 et
395 2906 529 2983 capparis
552 2903 667 2964 radices
686 2904 766 2963 idem
784 2911 945 2983 praestant,
964 2907 991 2963 si
1013 2907 1064 2984 ita,
1088 2912 1121 2963 ut

105 3015 196 3076 supra
215 2998 361 3074 scrtptum
380 3001 435 3073 est,
458 2993 650 3070 accipiantur.
687 2990 795 3050 Resina
814 2990 1016 3050 terebinthina
1034 2991 1120 3050 devo·
1143 3003 1173 3050 13

105 3094 189 3147 ratur
208 3085 245 3145 ad
264 3081 499 3161 magnitudinem
517 3079 601 3140 labae
615 3078 810 3158 Aegyptiacae
833 3077 869 3137 ab
889 3096 933 3158 eo,
953 3080 1005 3156 qui
1024 3081 1120 3157 suspi-

105 3175 150 3234 rio
174 3173 297 3253 laborat,
320 3173 381 3232 vini
404 3171 508 3251 cyatho
533 3174 754 3250 supersumpto,
778 3184 925 3246 quaeres
949 3184 1055 3245 magno
1075 3185 1120 3227 rc·

105 3263 204 3324 medio
228 3271 282 3322 est.

196 3465 387 3536 aparalyeen.
441 3463 666 3520 ihammoniaci
712 3470 745 3519 17
764 3462 932 3536 gluttinosa.
977 3467 1013 3515 ‘lli
1030 3460 1134 3529 penui.

106 3543 140 3592 31
159 3536 339 3592 terebintina.
