<?xml version="1.0" encoding="UTF-8"?>
<!DOCTYPE html PUBLIC "-//W3C//DTD XHTML 1.0 Transitional//EN"
    "http://www.w3.org/TR/xhtml1/DTD/xhtml1-transitional.dtd">
<html xmlns="http://www.w3.org/1999/xhtml" xml:lang="en" lang="en">
 <head>
  <title>
</title>
<meta http-equiv="Content-Type" content="text/html;charset=utf-8" />
  <meta name='ocr-system' content='tesseract 3.04.00' />
  <meta name='ocr-capabilities' content='ocr_page ocr_carea ocr_par ocr_line ocrx_word'/>
</head>
<body>
  <div class='ocr_page' id='page_1' title='image "./marcellidemedic01helmgoog_0027.png"; bbox 0 0 2438 3802; ppageno 0'>
   <div class='ocr_carea' id='block_1_1' title="bbox 67 151 1156 2874">
    <p class='ocr_par' dir='ltr' id='par_1_1' title="bbox 103 151 1155 747">
     <span class='ocr_line' id='line_1_1' title="bbox 103 151 1119 232; baseline 0 -18"><span class='ocrx_word' id='word_1_1' title='bbox 103 162 137 214; x_wconf 88' lang='lat' dir='ltr'>ut</span> <span class='ocrx_word' id='word_1_2' title='bbox 163 161 193 214; x_wconf 89' lang='lat' dir='ltr'>et</span> <span class='ocrx_word' id='word_1_3' title='bbox 211 171 316 232; x_wconf 91' lang='lat' dir='ltr'>aegros</span> <span class='ocrx_word' id='word_1_4' title='bbox 335 171 404 213; x_wconf 91' lang='lat' dir='ltr'>suos</span> <span class='ocrx_word' id='word_1_5' title='bbox 424 152 475 213; x_wconf 93' lang='lat' dir='ltr'>diu</span> <span class='ocrx_word' id='word_1_6' title='bbox 494 153 525 212; x_wconf 93' lang='lat' dir='ltr'>in</span> <span class='ocrx_word' id='word_1_7' title='bbox 544 151 643 213; x_wconf 91' lang='lat' dir='ltr'>reditu</span> <span class='ocrx_word' id='word_1_8' title='bbox 662 151 856 213; x_wconf 89' lang='lat' dir='ltr'>haberentet</span> <span class='ocrx_word' id='word_1_9' title='bbox 875 154 1023 213; x_wconf 81' lang='lat' dir='ltr'>saeviores</span> <span class='ocrx_word' id='word_1_10' title='bbox 1042 155 1119 232; x_wconf 88' lang='lat' dir='ltr'>ipsis</span> 
     </span>
     <span class='ocr_line' id='line_1_2' title="bbox 103 239 1119 324; baseline 0.001 -22"><span class='ocrx_word' id='word_1_11' title='bbox 103 241 215 303; x_wconf 83' lang='lat' dir='ltr'>morbis</span> <span class='ocrx_word' id='word_1_12' title='bbox 235 245 405 303; x_wconf 76' lang='lat' dir='ltr'>existerent.</span> <span class='ocrx_word' id='word_1_13' title='bbox 435 239 623 319; x_wconf 81' lang='lat' dir='ltr'>Quapropter</span> <span class='ocrx_word' id='word_1_14' title='bbox 641 243 844 302; x_wconf 89' lang='lat' dir='ltr'>necessarium</span> <span class='ocrx_word' id='word_1_15' title='bbox 863 241 936 302; x_wconf 91' lang='lat' dir='ltr'>mihi</span> <span class='ocrx_word' id='word_1_16' title='bbox 949 243 1046 302; x_wconf 89' lang='lat' dir='ltr'>visum</span> <span class='ocrx_word' id='word_1_17' title='bbox 1062 250 1119 324; x_wconf 79' lang='lat' dir='ltr'>est,</span> 
     </span>
     <span class='ocr_line' id='line_1_3' title="bbox 104 328 1118 411; baseline -0.001 -18"><span class='ocrx_word' id='word_1_18' title='bbox 104 331 235 411; x_wconf 89' lang='lat' dir='ltr'>undiquc</span> <span class='ocrx_word' id='word_1_19' title='bbox 258 330 435 392; x_wconf 85' lang='lat' dir='ltr'>valetudinis</span> <span class='ocrx_word' id='word_1_20' title='bbox 458 328 566 390; x_wconf 90' lang='lat' dir='ltr'>auxilia</span> <span class='ocrx_word' id='word_1_21' title='bbox 589 330 766 390; x_wconf 85' lang='lat' dir='ltr'>contrahere</span> <span class='ocrx_word' id='word_1_22' title='bbox 789 337 820 390; x_wconf 90' lang='lat' dir='ltr'>et</span> <span class='ocrx_word' id='word_1_23' title='bbox 837 329 931 391; x_wconf 89' lang='lat' dir='ltr'>veluti</span> <span class='ocrx_word' id='word_1_24' title='bbox 949 332 980 391; x_wconf 93' lang='lat' dir='ltr'>in</span> <span class='ocrx_word' id='word_1_25' title='bbox 1002 329 1118 392; x_wconf 88' lang='lat' dir='ltr'>brevia·</span> 
     </span>
     <span class='ocr_line' id='line_1_4' title="bbox 103 413 1119 501; baseline 0 -21"><span class='ocrx_word' id='word_1_26' title='bbox 103 423 181 482; x_wconf 91' lang='lat' dir='ltr'>rium</span> <span class='ocrx_word' id='word_1_27' title='bbox 201 420 350 501; x_wconf 82' lang='lat' dir='ltr'>colligere,</span> <span class='ocrx_word' id='word_1_28' title='bbox 369 426 403 479; x_wconf 85' lang='lat' dir='ltr'>ut</span> <span class='ocrx_word' id='word_1_29' title='bbox 421 436 609 497; x_wconf 88' lang='lat' dir='ltr'>quocumque</span> <span class='ocrx_word' id='word_1_30' title='bbox 629 421 776 479; x_wconf 86' lang='lat' dir='ltr'>venissem</span> <span class='ocrx_word' id='word_1_31' title='bbox 792 413 954 500; x_wconf 82' lang='lat' dir='ltr'>&lt;possem&gt;</span> <span class='ocrx_word' id='word_1_32' title='bbox 968 419 1119 480; x_wconf 91' lang='lat' dir='ltr'>eiusmodi</span> 
     </span>
     <span class='ocr_line' id='line_1_5' title="bbox 103 506 1155 588; baseline -0.002 -18"><span class='ocrx_word' id='word_1_33' title='bbox 103 511 226 571; x_wconf 83' lang='lat' dir='ltr'>insidias</span> <span class='ocrx_word' id='word_1_34' title='bbox 253 512 346 570; x_wconf 84' lang='lat' dir='ltr'>vitare</span> <span class='ocrx_word' id='word_1_35' title='bbox 374 515 405 568; x_wconf 90' lang='lat' dir='ltr'>et</span> <span class='ocrx_word' id='word_1_36' title='bbox 435 507 490 567; x_wconf 93' lang='lat' dir='ltr'>hac</span> <span class='ocrx_word' id='word_1_37' title='bbox 522 506 631 567; x_wconf 86' lang='lat' dir='ltr'>fiducia</span> <span class='ocrx_word' id='word_1_38' title='bbox 663 510 797 568; x_wconf 84' lang='lat' dir='ltr'>securior</span> <span class='ocrx_word' id='word_1_39' title='bbox 829 510 887 568; x_wconf 89' lang='lat' dir='ltr'>iter</span> <span class='ocrx_word' id='word_1_40' title='bbox 919 507 1050 588; x_wconf 79' lang='lat' dir='ltr'>ingredi,</span> <span class='ocrx_word' id='word_1_41' title='bbox 1083 516 1155 570; x_wconf 75' lang='lat' dir='ltr'>uta</span> 
     </span>
     <span class='ocr_line' id='line_1_6' title="bbox 104 595 1118 678; baseline 0 -19"><span class='ocrx_word' id='word_1_42' title='bbox 104 601 204 678; x_wconf 93' lang='lat' dir='ltr'>sciam,</span> <span class='ocrx_word' id='word_1_43' title='bbox 223 599 330 676; x_wconf 87' lang='lat' dir='ltr'>siquis</span> <span class='ocrx_word' id='word_1_44' title='bbox 346 596 419 656; x_wconf 88' lang='lat' dir='ltr'>mihi</span> <span class='ocrx_word' id='word_1_45' title='bbox 436 595 561 674; x_wconf 82' lang='lat' dir='ltr'>languor</span> <span class='ocrx_word' id='word_1_46' title='bbox 583 596 733 677; x_wconf 88' lang='lat' dir='ltr'>acciderit,</span> <span class='ocrx_word' id='word_1_47' title='bbox 755 614 814 657; x_wconf 91' lang='lat' dir='ltr'>non</span> <span class='ocrx_word' id='word_1_48' title='bbox 833 596 965 657; x_wconf 87' lang='lat' dir='ltr'>facturos</span> <span class='ocrx_word' id='word_1_49' title='bbox 983 597 1118 659; x_wconf 88' lang='lat' dir='ltr'>medicos</span> 
     </span>
     <span class='ocr_line' id='line_1_7' title="bbox 103 684 1118 747; baseline 0.001 -1"><span class='ocrx_word' id='word_1_50' title='bbox 103 705 140 746; x_wconf 90' lang='lat' dir='ltr'>ex</span> <span class='ocrx_word' id='word_1_51' title='bbox 163 704 211 746; x_wconf 92' lang='lat' dir='ltr'>me</span> <span class='ocrx_word' id='word_1_52' title='bbox 233 685 279 745; x_wconf 85' lang='lat' dir='ltr'>vel</span> <span class='ocrx_word' id='word_1_53' title='bbox 302 687 376 745; x_wconf 91' lang='lat' dir='ltr'>meis</span> <span class='ocrx_word' id='word_1_54' title='bbox 400 684 529 745; x_wconf 89' lang='lat' dir='ltr'>reditum</span> <span class='ocrx_word' id='word_1_55' title='bbox 547 703 603 745; x_wconf 92' lang='lat' dir='ltr'>nec</span> <span class='ocrx_word' id='word_1_56' title='bbox 621 693 774 746; x_wconf 88' lang='lat' dir='ltr'>taxaturos</span> <span class='ocrx_word' id='word_1_57' title='bbox 792 685 1051 746; x_wconf 89' lang='lat' dir='ltr'>incommodorum</span> <span class='ocrx_word' id='word_1_58' title='bbox 1070 704 1118 747; x_wconf 92' lang='lat' dir='ltr'>oc-</span> 
     </span>
    </p>

    <p class='ocr_par' dir='ltr' id='par_1_2' title="bbox 68 773 1156 2007">
     <span class='ocr_line' id='line_1_8' title="bbox 68 773 1118 854; baseline 0.001 -20"><span class='ocrx_word' id='word_1_59' title='bbox 68 780 84 828; x_wconf 90' lang='grc'><strong>2</strong></span> <span class='ocrx_word' id='word_1_60' title='bbox 104 773 273 853; x_wconf 86' lang='lat' dir='ltr'>casianibus</span> <span class='ocrx_word' id='word_1_61' title='bbox 297 775 447 834; x_wconf 91' lang='lat' dir='ltr'>sanitates.</span> <span class='ocrx_word' id='word_1_62' title='bbox 481 774 557 834; x_wconf 81' lang='lat' dir='ltr'>Ante</span> <span class='ocrx_word' id='word_1_63' title='bbox 581 776 679 834; x_wconf 90' lang='lat' dir='ltr'>omnia</span> <span class='ocrx_word' id='word_1_64' title='bbox 703 781 801 835; x_wconf 93' lang='lat' dir='ltr'>autem</span> <span class='ocrx_word' id='word_1_65' title='bbox 825 781 897 854; x_wconf 89' lang='lat' dir='ltr'>puto</span> <span class='ocrx_word' id='word_1_66' title='bbox 919 775 951 833; x_wconf 91' lang='lat' dir='ltr'>in</span> <span class='ocrx_word' id='word_1_67' title='bbox 974 781 1118 853; x_wconf 91' lang='lat' dir='ltr'>promptu</span> 
     </span>
     <span class='ocr_line' id='line_1_9' title="bbox 103 861 1117 944; baseline 0.001 -21"><span class='ocrx_word' id='word_1_68' title='bbox 103 862 246 943; x_wconf 90' lang='lat' dir='ltr'>habenda,</span> <span class='ocrx_word' id='word_1_69' title='bbox 261 879 336 942; x_wconf 87' lang='lat' dir='ltr'>quae</span> <span class='ocrx_word' id='word_1_70' title='bbox 351 861 450 923; x_wconf 92' lang='lat' dir='ltr'>subito</span> <span class='ocrx_word' id='word_1_71' title='bbox 466 861 633 923; x_wconf 89' lang='lat' dir='ltr'>desiderata</span> <span class='ocrx_word' id='word_1_72' title='bbox 647 862 819 923; x_wconf 87' lang='lat' dir='ltr'>difficillima</span> <span class='ocrx_word' id='word_1_73' title='bbox 835 862 973 923; x_wconf 85' lang='lat' dir='ltr'>videntur</span> <span class='ocrx_word' id='word_1_74' title='bbox 983 865 1117 944; x_wconf 85' lang='lat' dir='ltr'>inventu,</span> 
     </span>
     <span class='ocr_line' id='line_1_10' title="bbox 104 950 1156 1032; baseline -0.004 -20"><span class='ocrx_word' id='word_1_75' title='bbox 104 953 182 1013; x_wconf 92' lang='lat' dir='ltr'>sicut</span> <span class='ocrx_word' id='word_1_76' title='bbox 205 951 303 1012; x_wconf 90' lang='lat' dir='ltr'>oleum</span> <span class='ocrx_word' id='word_1_77' title='bbox 327 959 420 1012; x_wconf 84' lang='lat' dir='ltr'>vetus.</span> <span class='ocrx_word' id='word_1_78' title='bbox 453 950 538 1022; x_wconf 80' lang='lat' dir='ltr'>erod</span> <span class='ocrx_word' id='word_1_79' title='bbox 558 953 584 1011; x_wconf 92' lang='lat' dir='ltr'>si</span> <span class='ocrx_word' id='word_1_80' title='bbox 602 950 638 1011; x_wconf 93' lang='lat' dir='ltr'>ad</span> <span class='ocrx_word' id='word_1_81' title='bbox 657 970 777 1012; x_wconf 89' lang='lat' dir='ltr'>manum</span> <span class='ocrx_word' id='word_1_82' title='bbox 797 969 856 1011; x_wconf 91' lang='lat' dir='ltr'>non</span> <span class='ocrx_word' id='word_1_83' title='bbox 875 953 942 1032; x_wconf 88' lang='lat' dir='ltr'>crit,</span> <span class='ocrx_word' id='word_1_84' title='bbox 960 951 1117 1012; x_wconf 89' lang='lat' dir='ltr'>celerrime</span> <span class='ocrx_word' id='word_1_85' title='bbox 1131 969 1156 1009; x_wconf 82' lang='lat' dir='ltr'>ro</span> 
     </span>
     <span class='ocr_line' id='line_1_11' title="bbox 103 1039 1118 1119; baseline 0.001 -19"><span class='ocrx_word' id='word_1_86' title='bbox 103 1041 168 1101; x_wconf 91' lang='lat' dir='ltr'>fieri</span> <span class='ocrx_word' id='word_1_87' title='bbox 198 1043 317 1119; x_wconf 89' lang='lat' dir='ltr'>poterit.</span> <span class='ocrx_word' id='word_1_88' title='bbox 367 1039 604 1100; x_wconf 85' lang='lat' dir='ltr'>Defervelactum</span> <span class='ocrx_word' id='word_1_89' title='bbox 633 1042 713 1099; x_wconf 92' lang='lat' dir='ltr'>enim</span> <span class='ocrx_word' id='word_1_90' title='bbox 740 1039 787 1100; x_wconf 92' lang='lat' dir='ltr'>vel</span> <span class='ocrx_word' id='word_1_91' title='bbox 814 1041 1057 1101; x_wconf 90' lang='lat' dir='ltr'>recentissimum</span> <span class='ocrx_word' id='word_1_92' title='bbox 1087 1047 1118 1101; x_wconf 88' lang='lat' dir='ltr'>et</span> 
     </span>
     <span class='ocr_line' id='line_1_12' title="bbox 104 1127 1116 1207; baseline 0 -17"><span class='ocrx_word' id='word_1_93' title='bbox 104 1129 226 1190; x_wconf 91' lang='lat' dir='ltr'>odorem</span> <span class='ocrx_word' id='word_1_94' title='bbox 250 1137 279 1190; x_wconf 94' lang='lat' dir='ltr'>et</span> <span class='ocrx_word' id='word_1_95' title='bbox 302 1131 381 1190; x_wconf 85' lang='lat' dir='ltr'>vires</span> <span class='ocrx_word' id='word_1_96' title='bbox 405 1130 600 1190; x_wconf 88' lang='lat' dir='ltr'>vetustissimi</span> <span class='ocrx_word' id='word_1_97' title='bbox 618 1135 757 1207; x_wconf 86' lang='lat' dir='ltr'>praestat.</span> <span class='ocrx_word' id='word_1_98' title='bbox 797 1127 836 1189; x_wconf 89' lang='lat' dir='ltr'>Et</span> <span class='ocrx_word' id='word_1_99' title='bbox 859 1130 884 1188; x_wconf 94' lang='lat' dir='ltr'>si</span> <span class='ocrx_word' id='word_1_100' title='bbox 904 1129 980 1188; x_wconf 89' lang='lat' dir='ltr'>lorte</span> <span class='ocrx_word' id='word_1_101' title='bbox 1000 1131 1116 1190; x_wconf 88' lang='lat' dir='ltr'>curatio</span> 
     </span>
     <span class='ocr_line' id='line_1_13' title="bbox 103 1217 1116 1298; baseline -0.001 -19"><span class='ocrx_word' id='word_1_102' title='bbox 103 1221 236 1298; x_wconf 85' lang='lat' dir='ltr'>exegerit</span> <span class='ocrx_word' id='word_1_103' title='bbox 264 1236 369 1298; x_wconf 89' lang='lat' dir='ltr'>aquam</span> <span class='ocrx_word' id='word_1_104' title='bbox 395 1220 542 1279; x_wconf 90' lang='lat' dir='ltr'>marinam</span> <span class='ocrx_word' id='word_1_105' title='bbox 569 1220 600 1278; x_wconf 94' lang='lat' dir='ltr'>in</span> <span class='ocrx_word' id='word_1_106' title='bbox 623 1217 840 1278; x_wconf 90' lang='lat' dir='ltr'>mediterraneo</span> <span class='ocrx_word' id='word_1_107' title='bbox 865 1219 981 1298; x_wconf 90' lang='lat' dir='ltr'>quaeri,</span> <span class='ocrx_word' id='word_1_108' title='bbox 1008 1217 1116 1278; x_wconf 92' lang='lat' dir='ltr'>sollici-</span> 
     </span>
     <span class='ocr_line' id='line_1_14' title="bbox 103 1304 1117 1388; baseline -0.002 -20"><span class='ocrx_word' id='word_1_109' title='bbox 103 1308 201 1368; x_wconf 88' lang='lat' dir='ltr'>tudini</span> <span class='ocrx_word' id='word_1_110' title='bbox 223 1307 306 1368; x_wconf 91' lang='lat' dir='ltr'>locus</span> <span class='ocrx_word' id='word_1_111' title='bbox 330 1326 388 1368; x_wconf 90' lang='lat' dir='ltr'>non</span> <span class='ocrx_word' id='word_1_112' title='bbox 414 1309 484 1388; x_wconf 90' lang='lat' dir='ltr'>crit,</span> <span class='ocrx_word' id='word_1_113' title='bbox 508 1309 534 1366; x_wconf 90' lang='lat' dir='ltr'>si</span> <span class='ocrx_word' id='word_1_114' title='bbox 556 1309 597 1367; x_wconf 90' lang='lat' dir='ltr'>ita</span> <span class='ocrx_word' id='word_1_115' title='bbox 620 1309 831 1386; x_wconf 88' lang='lat' dir='ltr'>prospiciatur:</span> <span class='ocrx_word' id='word_1_116' title='bbox 860 1305 918 1366; x_wconf 91' lang='lat' dir='ltr'>duo</span> <span class='ocrx_word' id='word_1_117' title='bbox 943 1307 1023 1365; x_wconf 88' lang='lat' dir='ltr'>enim</span> <span class='ocrx_word' id='word_1_118' title='bbox 1047 1304 1117 1366; x_wconf 89' lang='lat' dir='ltr'>salis</span> 
     </span>
     <span class='ocr_line' id='line_1_15' title="bbox 104 1396 1155 1474; baseline -0.006 -17"><span class='ocrx_word' id='word_1_119' title='bbox 104 1398 227 1457; x_wconf 89' lang='lat' dir='ltr'>sextarii·</span> <span class='ocrx_word' id='word_1_120' title='bbox 247 1399 277 1455; x_wconf 89' lang='lat' dir='ltr'>in</span> <span class='ocrx_word' id='word_1_121' title='bbox 297 1403 438 1474; x_wconf 87' lang='lat' dir='ltr'>quattuor</span> <span class='ocrx_word' id='word_1_122' title='bbox 458 1412 550 1474; x_wconf 89' lang='lat' dir='ltr'>aquae</span> <span class='ocrx_word' id='word_1_123' title='bbox 570 1397 715 1456; x_wconf 82' lang='lat' dir='ltr'>sextarios</span> <span class='ocrx_word' id='word_1_124' title='bbox 733 1397 817 1455; x_wconf 89' lang='lat' dir='ltr'>missi</span> <span class='ocrx_word' id='word_1_125' title='bbox 836 1396 1115 1472; x_wconf 87' lang='lat' dir='ltr'>temperatissimam</span> <span class='ocrx_word' id='word_1_126' title='bbox 1130 1411 1155 1452; x_wconf 80' lang='lat' dir='ltr'>rs</span> 
     </span>
     <span class='ocr_line' id='line_1_16' title="bbox 103 1482 1118 1562; baseline -0.001 -17"><span class='ocrx_word' id='word_1_127' title='bbox 103 1487 210 1545; x_wconf 90' lang='lat' dir='ltr'>marini</span> <span class='ocrx_word' id='word_1_128' title='bbox 237 1483 362 1562; x_wconf 91' lang='lat' dir='ltr'>liquoris</span> <span class='ocrx_word' id='word_1_129' title='bbox 390 1484 505 1560; x_wconf 90' lang='lat' dir='ltr'>copiam</span> <span class='ocrx_word' id='word_1_130' title='bbox 534 1483 650 1543; x_wconf 81' lang='lat' dir='ltr'>sacient.</span> <span class='ocrx_word' id='word_1_131' title='bbox 693 1483 827 1562; x_wconf 78' lang='lat' dir='ltr'>Oxymeli</span> <span class='ocrx_word' id='word_1_132' title='bbox 855 1501 924 1543; x_wconf 88' lang='lat' dir='ltr'>vero</span> <span class='ocrx_word' id='word_1_133' title='bbox 948 1482 1033 1543; x_wconf 90' lang='lat' dir='ltr'>iacile</span> <span class='ocrx_word' id='word_1_134' title='bbox 1057 1485 1118 1544; x_wconf 89' lang='lat' dir='ltr'>erit</span> 
     </span>
     <span class='ocr_line' id='line_1_17' title="bbox 102 1570 1117 1652; baseline 0 -20"><span class='ocrx_word' id='word_1_135' title='bbox 102 1574 176 1652; x_wconf 88' lang='lat' dir='ltr'>fieri,</span> <span class='ocrx_word' id='word_1_136' title='bbox 201 1574 226 1631; x_wconf 93' lang='lat' dir='ltr'>si</span> <span class='ocrx_word' id='word_1_137' title='bbox 249 1570 366 1632; x_wconf 92' lang='lat' dir='ltr'>duobus</span> <span class='ocrx_word' id='word_1_138' title='bbox 390 1570 502 1649; x_wconf 78' lang='lat' dir='ltr'>cyathis</span> <span class='ocrx_word' id='word_1_139' title='bbox 522 1570 617 1630; x_wconf 90' lang='lat' dir='ltr'>mellis</span> <span class='ocrx_word' id='word_1_140' title='bbox 637 1573 784 1632; x_wconf 92' lang='lat' dir='ltr'>sextarius</span> <span class='ocrx_word' id='word_1_141' title='bbox 803 1573 880 1631; x_wconf 87' lang='lat' dir='ltr'>aceti</span> <span class='ocrx_word' id='word_1_142' title='bbox 898 1570 996 1632; x_wconf 93' lang='lat' dir='ltr'>addito</span> <span class='ocrx_word' id='word_1_143' title='bbox 1016 1570 1117 1650; x_wconf 90' lang='lat' dir='ltr'>puleio</span> 
     </span>
     <span class='ocr_line' id='line_1_18' title="bbox 103 1658 1116 1737; baseline 0 -17"><span class='ocrx_word' id='word_1_144' title='bbox 103 1670 133 1720; x_wconf 87' lang='lat' dir='ltr'>et</span> <span class='ocrx_word' id='word_1_145' title='bbox 156 1659 225 1719; x_wconf 91' lang='lat' dir='ltr'>salis</span> <span class='ocrx_word' id='word_1_146' title='bbox 249 1658 365 1719; x_wconf 89' lang='lat' dir='ltr'>modico</span> <span class='ocrx_word' id='word_1_147' title='bbox 390 1665 640 1737; x_wconf 86' lang='lat' dir='ltr'>contemperetur.</span> <span class='ocrx_word' id='word_1_148' title='bbox 677 1658 800 1720; x_wconf 91' lang='lat' dir='ltr'>Polenta</span> <span class='ocrx_word' id='word_1_149' title='bbox 824 1668 923 1720; x_wconf 87' lang='lat' dir='ltr'>autem</span> <span class='ocrx_word' id='word_1_150' title='bbox 946 1659 1003 1720; x_wconf 91' lang='lat' dir='ltr'>boc</span> <span class='ocrx_word' id='word_1_151' title='bbox 1027 1660 1116 1721; x_wconf 92' lang='lat' dir='ltr'>modo</span> 
     </span>
     <span class='ocr_line' id='line_1_19' title="bbox 102 1746 1116 1829; baseline 0.003 -22"><span class='ocrx_word' id='word_1_152' title='bbox 102 1749 165 1809; x_wconf 91' lang='lat' dir='ltr'>liet:</span> <span class='ocrx_word' id='word_1_153' title='bbox 198 1746 350 1809; x_wconf 90' lang='lat' dir='ltr'>Hordeum</span> <span class='ocrx_word' id='word_1_154' title='bbox 373 1765 449 1826; x_wconf 89' lang='lat' dir='ltr'>aqua</span> <span class='ocrx_word' id='word_1_155' title='bbox 472 1748 626 1827; x_wconf 86' lang='lat' dir='ltr'>perfusum</span> <span class='ocrx_word' id='word_1_156' title='bbox 650 1767 708 1809; x_wconf 93' lang='lat' dir='ltr'>una</span> <span class='ocrx_word' id='word_1_157' title='bbox 731 1757 819 1810; x_wconf 91' lang='lat' dir='ltr'>nocte</span> <span class='ocrx_word' id='word_1_158' title='bbox 843 1751 981 1829; x_wconf 87' lang='lat' dir='ltr'>siccatur,</span> <span class='ocrx_word' id='word_1_159' title='bbox 1007 1748 1116 1810; x_wconf 91' lang='lat' dir='ltr'>deinde</span> 
     </span>
     <span class='ocr_line' id='line_1_20' title="bbox 102 1835 1156 1919; baseline 0 -23"><span class='ocrx_word' id='word_1_160' title='bbox 102 1836 138 1897; x_wconf 91' lang='lat' dir='ltr'>ad</span> <span class='ocrx_word' id='word_1_161' title='bbox 167 1835 221 1896; x_wconf 87' lang='lat' dir='ltr'>XX</span> <span class='ocrx_word' id='word_1_162' title='bbox 249 1836 340 1897; x_wconf 92' lang='lat' dir='ltr'>libras</span> <span class='ocrx_word' id='word_1_163' title='bbox 368 1836 474 1897; x_wconf 91' lang='lat' dir='ltr'>hordei</span> <span class='ocrx_word' id='word_1_164' title='bbox 501 1837 671 1899; x_wconf 89' lang='lat' dir='ltr'>adiciuntur</span> <span class='ocrx_word' id='word_1_165' title='bbox 698 1846 760 1898; x_wconf 89' lang='lat' dir='ltr'>tres</span> <span class='ocrx_word' id='word_1_166' title='bbox 788 1837 880 1898; x_wconf 90' lang='lat' dir='ltr'>librae</span> <span class='ocrx_word' id='word_1_167' title='bbox 907 1836 960 1897; x_wconf 93' lang='lat' dir='ltr'>lini</span> <span class='ocrx_word' id='word_1_168' title='bbox 983 1839 1115 1919; x_wconf 90' lang='lat' dir='ltr'>seminis,</span> <span class='ocrx_word' id='word_1_169' title='bbox 1130 1855 1156 1896; x_wconf 83' lang='lat' dir='ltr'>ao</span> 
     </span>
     <span class='ocr_line' id='line_1_21' title="bbox 102 1925 1115 2007; baseline 0 -20"><span class='ocrx_word' id='word_1_170' title='bbox 102 1927 252 1987; x_wconf 90' lang='lat' dir='ltr'>coriandri</span> <span class='ocrx_word' id='word_1_171' title='bbox 271 1925 388 2006; x_wconf 88' lang='lat' dir='ltr'>selibra,</span> <span class='ocrx_word' id='word_1_172' title='bbox 407 1925 476 1987; x_wconf 88' lang='lat' dir='ltr'>salis</span> <span class='ocrx_word' id='word_1_173' title='bbox 495 1926 687 2007; x_wconf 82' lang='lat' dir='ltr'>acitabulum3</span> <span class='ocrx_word' id='word_1_174' title='bbox 712 1935 783 1986; x_wconf 91' lang='lat' dir='ltr'>tunc</span> <span class='ocrx_word' id='word_1_175' title='bbox 806 1925 913 1986; x_wconf 91' lang='lat' dir='ltr'>deinde</span> <span class='ocrx_word' id='word_1_176' title='bbox 932 1926 1004 1986; x_wconf 88' lang='lat' dir='ltr'>baec</span> <span class='ocrx_word' id='word_1_177' title='bbox 1023 1929 1115 1987; x_wconf 88' lang='lat' dir='ltr'>mixta</span> 
     </span>
    </p>

    <p class='ocr_par' dir='ltr' id='par_1_3' title="bbox 67 2014 1156 2874">
     <span class='ocr_line' id='line_1_22' title="bbox 67 2014 1115 2093; baseline 0 -17"><span class='ocrx_word' id='word_1_178' title='bbox 67 2020 82 2068; x_wconf 88' lang='grc'>3</span> <span class='ocrx_word' id='word_1_179' title='bbox 102 2023 256 2077; x_wconf 90' lang='lat' dir='ltr'>torrentur</span> <span class='ocrx_word' id='word_1_180' title='bbox 285 2023 314 2076; x_wconf 91' lang='lat' dir='ltr'>et</span> <span class='ocrx_word' id='word_1_181' title='bbox 337 2016 413 2076; x_wconf 90' lang='lat' dir='ltr'>mola</span> <span class='ocrx_word' id='word_1_182' title='bbox 436 2016 622 2093; x_wconf 85' lang='lat' dir='ltr'>franguntur.</span> <span class='ocrx_word' id='word_1_183' title='bbox 665 2014 810 2076; x_wconf 88' lang='lat' dir='ltr'>Omnibus</span> <span class='ocrx_word' id='word_1_184' title='bbox 834 2023 932 2076; x_wconf 93' lang='lat' dir='ltr'>autem</span> <span class='ocrx_word' id='word_1_185' title='bbox 956 2017 1115 2076; x_wconf 89' lang='lat' dir='ltr'>curationi·</span> 
     </span>
     <span class='ocr_line' id='line_1_23' title="bbox 102 2103 1115 2185; baseline 0 -21"><span class='ocrx_word' id='word_1_186' title='bbox 102 2103 159 2165; x_wconf 92' lang='lat' dir='ltr'>bus</span> <span class='ocrx_word' id='word_1_187' title='bbox 187 2104 245 2163; x_wconf 88' lang='lat' dir='ltr'>mel</span> <span class='ocrx_word' id='word_1_188' title='bbox 274 2107 417 2181; x_wconf 91' lang='lat' dir='ltr'>optimum</span> <span class='ocrx_word' id='word_1_189' title='bbox 447 2111 506 2183; x_wconf 92' lang='lat' dir='ltr'>est,</span> <span class='ocrx_word' id='word_1_190' title='bbox 535 2105 566 2163; x_wconf 92' lang='lat' dir='ltr'>in</span> <span class='ocrx_word' id='word_1_191' title='bbox 595 2121 654 2182; x_wconf 88' lang='lat' dir='ltr'>quo</span> <span class='ocrx_word' id='word_1_192' title='bbox 683 2121 753 2182; x_wconf 88' lang='lat' dir='ltr'>apes</span> <span class='ocrx_word' id='word_1_193' title='bbox 781 2105 967 2185; x_wconf 90' lang='lat' dir='ltr'>moriuntur,</span> <span class='ocrx_word' id='word_1_194' title='bbox 996 2112 1026 2164; x_wconf 87' lang='lat' dir='ltr'>et</span> <span class='ocrx_word' id='word_1_195' title='bbox 1049 2104 1115 2165; x_wconf 92' lang='lat' dir='ltr'>lana</span> 
     </span>
     <span class='ocr_line' id='line_1_24' title="bbox 103 2191 1115 2272; baseline 0.001 -20"><span class='ocrx_word' id='word_1_196' title='bbox 103 2192 205 2252; x_wconf 92' lang='lat' dir='ltr'>sucida</span> <span class='ocrx_word' id='word_1_197' title='bbox 234 2209 267 2250; x_wconf 94' lang='lat' dir='ltr'>ea</span> <span class='ocrx_word' id='word_1_198' title='bbox 297 2191 373 2252; x_wconf 92' lang='lat' dir='ltr'>bona</span> <span class='ocrx_word' id='word_1_199' title='bbox 402 2199 460 2272; x_wconf 89' lang='lat' dir='ltr'>est,</span> <span class='ocrx_word' id='word_1_200' title='bbox 494 2208 568 2270; x_wconf 89' lang='lat' dir='ltr'>quae</span> <span class='ocrx_word' id='word_1_201' title='bbox 597 2191 633 2252; x_wconf 93' lang='lat' dir='ltr'>de</span> <span class='ocrx_word' id='word_1_202' title='bbox 662 2194 724 2251; x_wconf 88' lang='lat' dir='ltr'>ovis</span> <span class='ocrx_word' id='word_1_203' title='bbox 757 2192 832 2252; x_wconf 89' lang='lat' dir='ltr'>collo</span> <span class='ocrx_word' id='word_1_204' title='bbox 861 2192 951 2253; x_wconf 85' lang='lat' dir='ltr'>fuerit</span> <span class='ocrx_word' id='word_1_205' title='bbox 984 2192 1115 2254; x_wconf 90' lang='lat' dir='ltr'>adtonsa.</span> 
     </span>
     <span class='ocr_line' id='line_1_25' title="bbox 102 2278 1156 2342; baseline -0.004 -2"><span class='ocrx_word' id='word_1_206' title='bbox 102 2278 239 2340; x_wconf 82' lang='lat' dir='ltr'>Cinerem</span> <span class='ocrx_word' id='word_1_207' title='bbox 269 2281 367 2341; x_wconf 82' lang='lat' dir='ltr'>arium</span> <span class='ocrx_word' id='word_1_208' title='bbox 400 2279 446 2339; x_wconf 87' lang='lat' dir='ltr'>vel</span> <span class='ocrx_word' id='word_1_209' title='bbox 478 2279 602 2340; x_wconf 87' lang='lat' dir='ltr'>aliorum</span> <span class='ocrx_word' id='word_1_210' title='bbox 635 2280 805 2341; x_wconf 90' lang='lat' dir='ltr'>animalium</span> <span class='ocrx_word' id='word_1_211' title='bbox 838 2281 1037 2342; x_wconf 89' lang='lat' dir='ltr'>desideratum</span> <span class='ocrx_word' id='word_1_212' title='bbox 1071 2283 1114 2342; x_wconf 89' lang='lat' dir='ltr'>sic</span> <span class='ocrx_word' id='word_1_213' title='bbox 1128 2296 1156 2337; x_wconf 80' lang='lat' dir='ltr'>as</span> 
     </span>
     <span class='ocr_line' id='line_1_26' title="bbox 102 2367 1115 2449; baseline 0.001 -21"><span class='ocrx_word' id='word_1_214' title='bbox 102 2370 168 2429; x_wconf 85' lang='lat' dir='ltr'>fieri</span> <span class='ocrx_word' id='word_1_215' title='bbox 191 2375 322 2447; x_wconf 89' lang='lat' dir='ltr'>oportet:</span> <span class='ocrx_word' id='word_1_216' title='bbox 353 2367 388 2428; x_wconf 94' lang='lat' dir='ltr'>ln</span> <span class='ocrx_word' id='word_1_217' title='bbox 412 2367 498 2428; x_wconf 91' lang='lat' dir='ltr'>ollam</span> <span class='ocrx_word' id='word_1_218' title='bbox 522 2386 627 2428; x_wconf 84' lang='lat' dir='ltr'>novam</span> <span class='ocrx_word' id='word_1_219' title='bbox 650 2371 779 2429; x_wconf 87' lang='lat' dir='ltr'>mittitur</span> <span class='ocrx_word' id='word_1_220' title='bbox 803 2372 863 2430; x_wconf 89' lang='lat' dir='ltr'>avis</span> <span class='ocrx_word' id='word_1_221' title='bbox 887 2378 938 2431; x_wconf 90' lang='lat' dir='ltr'>aut</span> <span class='ocrx_word' id='word_1_222' title='bbox 962 2368 1115 2449; x_wconf 91' lang='lat' dir='ltr'>quodlibet</span> 
     </span>
     <span class='ocr_line' id='line_1_27' title="bbox 103 2456 1113 2538; baseline 0.001 -22"><span class='ocrx_word' id='word_1_223' title='bbox 103 2456 181 2517; x_wconf 92' lang='lat' dir='ltr'>aliud</span> <span class='ocrx_word' id='word_1_224' title='bbox 200 2457 316 2538; x_wconf 87' lang='lat' dir='ltr'>animal,</span> <span class='ocrx_word' id='word_1_225' title='bbox 337 2457 415 2535; x_wconf 91' lang='lat' dir='ltr'>quod</span> <span class='ocrx_word' id='word_1_226' title='bbox 433 2459 586 2535; x_wconf 88' lang='lat' dir='ltr'>putaveris</span> <span class='ocrx_word' id='word_1_227' title='bbox 601 2458 799 2537; x_wconf 73' lang='lat' dir='ltr'>exurendum,</span> <span class='ocrx_word' id='word_1_228' title='bbox 819 2459 898 2537; x_wconf 88' lang='lat' dir='ltr'>quod</span> <span class='ocrx_word' id='word_1_229' title='bbox 913 2459 1013 2520; x_wconf 89' lang='lat' dir='ltr'>addito</span> <span class='ocrx_word' id='word_1_230' title='bbox 1028 2476 1113 2537; x_wconf 91' lang='lat' dir='ltr'>oper-</span> 
     </span>
     <span class='ocr_line' id='line_1_28' title="bbox 102 2544 1114 2624; baseline -0.002 -18"><span class='ocrx_word' id='word_1_231' title='bbox 102 2545 170 2606; x_wconf 90' lang='lat' dir='ltr'>culo</span> <span class='ocrx_word' id='word_1_232' title='bbox 204 2544 431 2624; x_wconf 87' lang='lat' dir='ltr'>circumlitoque</span> <span class='ocrx_word' id='word_1_233' title='bbox 462 2545 563 2624; x_wconf 91' lang='lat' dir='ltr'>argilla</span> <span class='ocrx_word' id='word_1_234' title='bbox 595 2547 626 2606; x_wconf 95' lang='lat' dir='ltr'>in</span> <span class='ocrx_word' id='word_1_235' title='bbox 662 2547 749 2606; x_wconf 80' lang='lat' dir='ltr'>furno</span> <span class='ocrx_word' id='word_1_236' title='bbox 787 2548 913 2608; x_wconf 86' lang='lat' dir='ltr'>ferventi</span> <span class='ocrx_word' id='word_1_237' title='bbox 950 2545 1114 2607; x_wconf 91' lang='lat' dir='ltr'>torrebitur</span> 
     </span>
     <span class='ocr_line' id='line_1_29' title="bbox 103 2633 1112 2714; baseline -0.001 -20"><span class='ocrx_word' id='word_1_238' title='bbox 103 2636 284 2712; x_wconf 88' lang='lat' dir='ltr'>spiramento</span> <span class='ocrx_word' id='word_1_239' title='bbox 312 2634 482 2714; x_wconf 92' lang='lat' dir='ltr'>permodico</span> <span class='ocrx_word' id='word_1_240' title='bbox 512 2635 597 2695; x_wconf 86' lang='lat' dir='ltr'>laeto.</span> <span class='ocrx_word' id='word_1_241' title='bbox 639 2633 893 2712; x_wconf 86' lang='lat' dir='ltr'>Gargarizationes</span> <span class='ocrx_word' id='word_1_242' title='bbox 917 2654 985 2697; x_wconf 87' lang='lat' dir='ltr'>vero</span> <span class='ocrx_word' id='word_1_243' title='bbox 1009 2651 1112 2695; x_wconf 91' lang='lat' dir='ltr'>omnes</span> 
     </span>
     <span class='ocr_line' id='line_1_30' title="bbox 103 2722 1154 2806; baseline -0.005 -22"><span class='ocrx_word' id='word_1_244' title='bbox 103 2722 213 2784; x_wconf 92' lang='lat' dir='ltr'>calidae</span> <span class='ocrx_word' id='word_1_245' title='bbox 237 2722 364 2784; x_wconf 91' lang='lat' dir='ltr'>utendae</span> <span class='ocrx_word' id='word_1_246' title='bbox 388 2732 471 2804; x_wconf 88' lang='lat' dir='ltr'>sunt,</span> <span class='ocrx_word' id='word_1_247' title='bbox 495 2725 573 2784; x_wconf 89' lang='lat' dir='ltr'>sicut</span> <span class='ocrx_word' id='word_1_248' title='bbox 596 2731 626 2784; x_wconf 92' lang='lat' dir='ltr'>et</span> <span class='ocrx_word' id='word_1_249' title='bbox 649 2723 793 2806; x_wconf 87' lang='lat' dir='ltr'>fomenta,</span> <span class='ocrx_word' id='word_1_250' title='bbox 820 2734 854 2786; x_wconf 86' lang='lat' dir='ltr'>ut</span> <span class='ocrx_word' id='word_1_251' title='bbox 877 2724 1014 2786; x_wconf 90' lang='lat' dir='ltr'>medendi</span> <span class='ocrx_word' id='word_1_252' title='bbox 1038 2725 1154 2784; x_wconf 77' lang='lat' dir='ltr'>rationo</span> 
     </span>
     <span class='ocr_line' id='line_1_31' title="bbox 103 2812 390 2874; baseline 0.007 -2"><span class='ocrx_word' id='word_1_253' title='bbox 103 2820 133 2873; x_wconf 94' lang='lat' dir='ltr'>et</span> <span class='ocrx_word' id='word_1_254' title='bbox 156 2829 229 2874; x_wconf 88' lang='lat' dir='ltr'>usus</span> <span class='ocrx_word' id='word_1_255' title='bbox 252 2812 390 2874; x_wconf 83' lang='lat' dir='ltr'>ostendit.</span> 
     </span>
    </p>
   </div>
   <div class='ocr_carea' id='block_1_2' title="bbox 43 2929 1115 3427">
    <p class='ocr_par' dir='ltr' id='par_1_4' title="bbox 174 2929 1115 2999">
     <span class='ocr_line' id='line_1_32' title="bbox 174 2929 1115 2999; baseline 0.003 -16"><span class='ocrx_word' id='word_1_256' title='bbox 174 2929 674 2987; x_wconf 81' lang='lat' dir='ltr'>3valetudinis1mvalitudinis2m.</span> <span class='ocrx_word' id='word_1_257' title='bbox 721 2937 859 2999; x_wconf 86' lang='lat' dir='ltr'>4p0ssem</span> <span class='ocrx_word' id='word_1_258' title='bbox 873 2945 923 2984; x_wconf 79' lang='lat' dir='ltr'>ont.</span> <span class='ocrx_word' id='word_1_259' title='bbox 970 2931 1115 2986; x_wconf 76' lang='lat' dir='ltr'>theclan</span> 
     </span>
    </p>

    <p class='ocr_par' dir='ltr' id='par_1_5' title="bbox 103 2999 1114 3059">
     <span class='ocr_line' id='line_1_33' title="bbox 103 2999 1114 3059; baseline 0.002 -5"><span class='ocrx_word' id='word_1_260' title='bbox 103 3001 243 3056; x_wconf 62' lang='lat' dir='ltr'>baneam.</span> <span class='ocrx_word' id='word_1_261' title='bbox 283 3001 421 3056; x_wconf 84' lang='lat' dir='ltr'>fiduciam.</span> <span class='ocrx_word' id='word_1_262' title='bbox 462 3008 492 3055; x_wconf 89' lang='lat'>11</span> <span class='ocrx_word' id='word_1_263' title='bbox 505 2999 1114 3059; x_wconf 78' lang='lat' dir='ltr'>defervefactumlmdefervereiactum2m.</span> 
     </span>
    </p>

    <p class='ocr_par' dir='ltr' id='par_1_6' title="bbox 104 3070 1114 3142">
     <span class='ocr_line' id='line_1_34' title="bbox 104 3070 1114 3142; baseline 0 -18"><span class='ocrx_word' id='word_1_264' title='bbox 104 3077 136 3124; x_wconf 89' lang='grc'>12</span> <span class='ocrx_word' id='word_1_265' title='bbox 151 3077 216 3142; x_wconf 80' lang='lat' dir='ltr'>post</span> <span class='ocrx_word' id='word_1_266' title='bbox 234 3071 307 3126; x_wconf 84' lang='lat' dir='ltr'>vires</span> <span class='ocrx_word' id='word_1_267' title='bbox 327 3073 391 3127; x_wconf 81' lang='lat' dir='ltr'>add.</span> <span class='ocrx_word' id='word_1_268' title='bbox 412 3074 441 3126; x_wconf 87' lang='lat' dir='ltr'>et</span> <span class='ocrx_word' id='word_1_269' title='bbox 458 3074 498 3126; x_wconf 87' lang='lat' dir='ltr'>ut.</span> <span class='ocrx_word' id='word_1_270' title='bbox 556 3078 588 3126; x_wconf 85' lang='lat'>16</span> <span class='ocrx_word' id='word_1_271' title='bbox 603 3071 745 3139; x_wconf 87' lang='lat' dir='ltr'>oxymelli.</span> <span class='ocrx_word' id='word_1_272' title='bbox 802 3077 834 3126; x_wconf 80' lang='lat'>19</span> <span class='ocrx_word' id='word_1_273' title='bbox 849 3070 972 3127; x_wconf 86' lang='lat' dir='ltr'>ordeum.</span> <span class='ocrx_word' id='word_1_274' title='bbox 1028 3078 1062 3126; x_wconf 91' lang='grc'>20</span> <span class='ocrx_word' id='word_1_275' title='bbox 1077 3072 1114 3126; x_wconf 87' lang='lat' dir='ltr'>ad</span> 
     </span>
    </p>

    <p class='ocr_par' dir='ltr' id='par_1_7' title="bbox 102 3140 1114 3200">
     <span class='ocr_line' id='line_1_35' title="bbox 102 3140 1114 3200; baseline -0.004 -4"><span class='ocrx_word' id='word_1_276' title='bbox 102 3158 152 3197; x_wconf 85' lang='lat' dir='ltr'>om.</span> <span class='ocrx_word' id='word_1_277' title='bbox 208 3149 241 3196; x_wconf 85' lang='grc'>21</span> <span class='ocrx_word' id='word_1_278' title='bbox 261 3142 433 3196; x_wconf 85' lang='lat' dir='ltr'>acitabnlum</span> <span class='ocrx_word' id='word_1_279' title='bbox 448 3148 495 3196; x_wconf 83' lang='lat' dir='ltr'>1m</span> <span class='ocrx_word' id='word_1_280' title='bbox 515 3141 694 3196; x_wconf 79' lang='lat' dir='ltr'>acetabulum</span> <span class='ocrx_word' id='word_1_281' title='bbox 707 3146 764 3200; x_wconf 83' lang='lat' dir='ltr'>2m.</span> <span class='ocrx_word' id='word_1_282' title='bbox 830 3148 862 3197; x_wconf 93' lang='grc'>22</span> <span class='ocrx_word' id='word_1_283' title='bbox 877 3141 959 3198; x_wconf 88' lang='lat' dir='ltr'>mole.</span> <span class='ocrx_word' id='word_1_284' title='bbox 1015 3146 1050 3195; x_wconf 87' lang='grc'>24</span> <span class='ocrx_word' id='word_1_285' title='bbox 1065 3140 1114 3193; x_wconf 86' lang='lat' dir='ltr'>ad-</span> 
     </span>
    </p>

    <p class='ocr_par' dir='ltr' id='par_1_8' title="bbox 102 3211 1114 3296">
     <span class='ocr_line' id='line_1_36' title="bbox 102 3211 1114 3296; baseline -0.003 -30"><span class='ocrx_word' id='word_1_286' title='bbox 102 3213 192 3267; x_wconf 82' lang='lat' dir='ltr'>tunsa.</span> <span class='ocrx_word' id='word_1_287' title='bbox 287 3219 319 3267; x_wconf 83' lang='grc'>27</span> <span class='ocrx_word' id='word_1_288' title='bbox 340 3213 427 3282; x_wconf 89' lang='lat' dir='ltr'>quod]</span> <span class='ocrx_word' id='word_1_289' title='bbox 448 3227 536 3280; x_wconf 89' lang='lat' dir='ltr'>usque</span> <span class='ocrx_word' id='word_1_290' title='bbox 554 3229 641 3282; x_wconf 79' lang='lat' dir='ltr'>snpra</span> <span class='ocrx_word' id='word_1_291' title='bbox 660 3215 767 3268; x_wconf 81' lang='lat' dir='ltr'>lineam.</span> <span class='ocrx_word' id='word_1_292' title='bbox 863 3211 993 3296; x_wconf 87' lang='lat' dir='ltr'>operculo</span> <span class='ocrx_word' id='word_1_293' title='bbox 1014 3212 1114 3265; x_wconf 79' lang='lat' dir='ltr'>litteris</span> 
     </span>
    </p>

    <p class='ocr_par' dir='ltr' id='par_1_9' title="bbox 43 3279 1112 3427">
     <span class='ocr_line' id='line_1_37' title="bbox 103 3279 1112 3355; baseline 0 -20"><span class='ocrx_word' id='word_1_294' title='bbox 103 3297 136 3336; x_wconf 92' lang='lat' dir='ltr'>co</span> <span class='ocrx_word' id='word_1_295' title='bbox 154 3299 241 3350; x_wconf 79' lang='lat' dir='ltr'>supra</span> <span class='ocrx_word' id='word_1_296' title='bbox 258 3299 363 3337; x_wconf 68' lang='lat' dir='ltr'>aarum</span> <span class='ocrx_word' id='word_1_297' title='bbox 381 3284 493 3338; x_wconf 79' lang='lat' dir='ltr'>additis.</span> <span class='ocrx_word' id='word_1_298' title='bbox 595 3290 628 3337; x_wconf 87' lang='lat'>31</span> <span class='ocrx_word' id='word_1_299' title='bbox 648 3283 772 3354; x_wconf 77' lang='lat' dir='ltr'>Explicit</span> <span class='ocrx_word' id='word_1_300' title='bbox 792 3301 835 3355; x_wconf 90' lang='lat' dir='ltr'>ep.</span> <span class='ocrx_word' id='word_1_301' title='bbox 854 3283 925 3354; x_wconf 88' lang='lat' dir='ltr'>plmi</span> <span class='ocrx_word' id='word_1_302' title='bbox 943 3279 1059 3337; x_wconf 88' lang='lat' dir='ltr'>secundi</span> <span class='ocrx_word' id='word_1_303' title='bbox 1078 3280 1112 3335; x_wconf 89' lang='lat' dir='ltr'>de</span> 
     </span>
     <span class='ocr_line' id='line_1_38' title="bbox 43 3351 526 3427; baseline 0.01 -24"><span class='ocrx_word' id='word_1_304' title='bbox 43 3351 249 3427; x_wconf 44' lang='lat' dir='ltr'>Qedicma.</span> <span class='ocrx_word' id='word_1_305' title='bbox 286 3352 390 3422; x_wconf 77' lang='lat' dir='ltr'>Incipit</span> <span class='ocrx_word' id='word_1_306' title='bbox 407 3352 465 3409; x_wconf 84' lang='lat' dir='ltr'>alia</span> <span class='ocrx_word' id='word_1_307' title='bbox 484 3370 526 3424; x_wconf 87' lang='lat' dir='ltr'>ep.</span> 
     </span>
    </p>
   </div>
   <div class='ocr_carea' id='block_1_3' title="bbox 43 3442 112 3665">
    <p class='ocr_par' dir='ltr' id='par_1_10' title="bbox 43 3442 112 3665">
     <span class='ocr_line' id='line_1_39' title="bbox 43 3442 112 3665; baseline 0 0"><span class='ocrx_word' id='word_1_308' title='bbox 43 3442 112 3665; x_wconf 65' lang='lat' dir='ltr'>{l</span> 
     </span>
    </p>
   </div>
   <div class='ocr_carea' id='block_1_4' title="bbox 0 0 1224 3802">
    <p class='ocr_par' dir='ltr' id='par_1_11' title="bbox 0 0 1224 3802">
     <span class='ocr_line' id='line_1_40' title="bbox 0 0 1224 3802; baseline 0 0"><span class='ocrx_word' id='word_1_309' title='bbox 0 0 1224 3802; x_wconf 95' lang='lat' dir='ltr'> </span> 
     </span>
    </p>
   </div>
  </div>
 </body>
</html>
