2438 3802
153 307 398 380 MARCELLI
428 307 489 380 DE
520 307 887 381 MEDICAMENTIS
917 308 1072 382 LIBER.

549 432 627 494 CAP.
652 432 672 493 Ι.

418 545 472 600 Ad
495 544 614 614 capitis
637 545 819 601 dolorem.¹

69 678 82 725 1
192 662 235 722 Ad
255 665 361 741 capitis
380 661 512 722 dolorem
526 665 615 723 etiam
629 665 661 723 in
676 662 753 723 febri
766 664 872 741 primis
886 661 992 723 diebus
1005 665 1119 724 incom-

103 751 184 813 modi
198 751 320 830 serpulli
334 784 378 794 —
392 751 420 829 Ι,
439 770 524 812 rosae
539 752 638 812 aridae
656 751 733 812 -11
746 754 949 830 incoquuntur
963 770 1031 812 cum
1046 752 1118 813 duo-

103 840 160 901 bus
179 842 316 901 sextariis
330 842 407 900 aceti
421 842 567 921 acerrimi,
587 840 681 901 donec
696 839 732 901 ad
752 840 887 901 dimidias
906 841 1118 918 perducantur.

103 929 174 989 lnde
203 931 331 989 sumitur
354 928 477 1008 cyathus
501 937 531 990 et
553 929 670 990 duobus
693 947 779 989 rosae
803 928 916 1008 cyathis
939 928 1015 989 bene
1039 948 1118 990 com-

103 1020 248 1078 miscetur
280 1018 511 1096 frequenterque
543 1026 666 1079 curatur
693 1037 730 1078 ex
758 1036 793 1077 eo
822 1025 924 1098 caput3
956 1017 1009 1078 uhi
1037 1021 1144 1079 enims

104 1107 228 1167 incaluit
256 1106 335 1185 quod
363 1106 495 1166 infusum
523 1115 583 1186 est,
616 1108 674 1167 nisi
702 1123 807 1167 recens
835 1107 993 1187 adiciatur,
1021 1116 1118 1168 nocet.

69 1195 329 1275 altem‘prodest
356 1195 460 1254 eodem
488 1195 576 1255 modo
604 1203 671 1256 ruta
697 1213 751 1274 per
775 1213 806 1254 se
830 1193 876 1255 vel
899 1212 967 1256 cum
991 1195 1118 1257 hederae

104 1284 186 1345 bacis
215 1285 337 1344 decocta
365 1293 395 1344 et
422 1285 512 1362 capiti
541 1284 640 1362 tepide
664 1284 768 1343 infusa.
810 1281 975 1363 Polygonos
999 1302 1118 1364 quoque

104 1373 209 1453 herba,
237 1390 312 1452 quae
339 1371 443 1432 Latine
472 1374 659 1451 sanguinaria
689 1373 812 1452 dicitur,
837 1381 867 1432 et
893 1380 992 1433 menta
1015 1373 1119 1434 multis

104 1462 217 1540 proluit
244 1461 347 1521 eadem
375 1462 489 1522 ratione
518 1461 640 1522 decocta
669 1470 699 1521 et
722 1463 812 1540 capiti
835 1452 941 1521 inlusa.
978 1460 1116 1523 Dolorem
1131 1477 1157 1516 1⁰

105 1553 210 1629 capitis
239 1549 316 1610 levat
344 1548 510 1628 sfondylion
540 1558 569 1610 et
597 1552 665 1627 agni
693 1567 794 1610 semen
823 1557 853 1610 et
876 1550 986 1628 platani
1009 1551 1117 1629 pilulae

105 1638 242 1698 similiter
270 1646 353 1698 aceto
381 1640 514 1698 incoctae
542 1655 670 1716 rosaque
698 1637 810 1718 duplici
833 1656 971 1699 mensura
995 1639 1118 1718 simplae

79 1730 82 1734 ’
106 1728 182 1786 aceti
205 1728 376 1806 commixta,
405 1726 494 1786 sicuti
517 1734 547 1785 et
570 1725 731 1805 polygonos
760 1729 899 1805 superius
927 1727 1005 1788 dicta
1030 1728 1119 1789 debet

69 1827 85 1874 3
106 1816 245 1894 excoqui,
273 1814 303 1874 id
327 1821 373 1874 est
396 1832 429 1874 ea
454 1831 529 1893 quae
553 1817 741 1892 sanguinaria
765 1815 883 1877 dicitur.
921 1815 994 1877 Cum
1019 1826 1118 1878 autem

104 1902 242 1982 plurimis
265 1901 370 1964 diebus
389 1905 531 1963 manserit
550 1903 767 1984 dolorcapitis,
790 1911 855 1966 tum
874 1907 1007 1965 omnium
1027 1924 1118 1985 supra
1132 1919 1157 1959 15

105 1992 253 2052 dictorum
281 1999 398 2072 oportet
426 1993 529 2052 uncias
562 1992 692 2071 singulas
720 1994 799 2053 sumi
825 1993 932 2073 hisque
960 1994 1119 2055 admisceri

104 2080 181 2142 lauri
203 2080 357 2159 bacarum,
385 2082 525 2161 castorei,
553 2099 663 2142 nucum
688 2099 867 2163 amararum,
895 2081 990 2160 pulei,
1015 2082 1117 2143 sabuci

105 2169 244 2231 loliorum
276 2172 379 2230 uncias
412 2169 543 2247 singulas
572 2178 601 2230 et
629 2173 706 2231 aceti
733 2173 870 2231 sextariis
898 2178 1039 2249 quattuor
1067 2171 1116 2232 de·

105 2277 234 2337 coquere
254 2258 290 2318 ad
309 2258 445 2319 dimidias
459 2267 489 2318 et
504 2258 606 2318 eodem
623 2259 711 2319 modo
725 2277 792 2319 rosa
807 2260 934 2320 admixta
949 2258 1117 2342 dupliciter,

69 2356 86 2405 4
106 2347 158 2407 sed
181 2365 240 2406 non
264 2355 324 2407 tam
347 2348 520 2426 frequenter
543 2355 632 2425 caput
655 2365 769 2409 curare.
806 2349 850 2409 Ad
874 2367 993 2409 omnem
1012 2351 1117 2428 capitis
1131 2363 1157 2404 20

105 2434 237 2496 dolorem
270 2436 431 2496 efficaciter
463 2434 585 2514 prodest
616 2436 799 2497 medicamen
832 2436 904 2498 tale:
943 2437 1117 2517 Crocomag-

104 2527 192 2586 matis
212 2558 253 2567 -
273 2524 299 2606 l,
328 2524 466 2585 aluminis
494 2525 581 2584 scissi
608 2524 654 2584 vel
677 2524 829 2604 gallae-
850 2525 876 2606 l,
903 2526 976 2586 haec
1000 2529 1058 2587 teri
1081 2546 1117 2587 ex

105 2616 167 2674 acri
191 2621 274 2674 aceto
298 2621 328 2673 et
350 2631 418 2674 rosa
442 2611 569 2690 duplicis
587 2613 727 2691 ponderis
746 2616 877 2676 vicissim
895 2615 1009 2675 adiecta
1028 2632 1117 2692 opor-

105 2710 162 2783 tet,
190 2720 286 2781 usque
314 2701 384 2762 dum
412 2700 508 2761 mellis
535 2699 663 2762 habeant
688 2704 912 2782 spissitudinem
934 2710 1023 2782 atque
1047 2702 1116 2762 inde

68 2799 85 2848 5
104 2791 233 2850 frontem
253 2799 283 2851 et
301 2792 452 2869 utrimque
471 2797 604 2868 tempora
624 2790 766 2852 oblinere.
796 2793 840 2852 dd
855 2793 960 2871 capitis
975 2790 1116 2872 dolorem,
1131 2805 1156 2845 2⁵

105 2897 173 2940 cum
196 2881 414 2960 inveteraverit,
437 2878 512 2939 hene
536 2878 606 2940 lacit
629 2879 701 2941 haec
723 2883 902 2960 conpositio:
925 2879 1040 2961 Myrrae
1056 2879 1117 2962 iil,

105 2969 186 3029 croci
205 2967 230 3028 it
249 2967 288 3050 ll,
316 2967 534 3048 amygdalarum
558 2967 643 3049 llll,
670 2977 756 3030 rutae
784 2970 887 3029 viridis
912 2969 1009 3050 lilll,
1039 2969 1116 3030 slon-

105 3056 176 3136 dylii
190 3065 220 3118 ct
233 3059 353 3136 panacis
368 3056 393 3116 ll
409 3056 549 3136 singulos,
564 3055 641 3116 lauri
655 3056 794 3118 bacarum
809 3056 893 3136 lilll,
908 3057 1033 3136 serpulli
1047 3057 1118 3140 llll,

175 3227 319 3281 4duobus
332 3241 413 3280 rosae
428 3224 537 3295 cyathis
552 3242 601 3280 om.
666 3243 737 3298 pene
753 3224 959 3282 commiscetur.
1034 3233 1118 3295 'iper

105 3315 134 3352 se
148 3315 198 3353 om.
247 3302 280 3350 10
298 3295 393 3366 tepide
411 3303 475 3351 aute
495 3296 587 3351 infusa
608 3299 671 3352 add.
692 3298 853 3354 Coruorioo.
902 3304 934 3352 11
955 3296 1116 3350 sfoudilion.

103 3369 217 3438 hyagni.
292 3372 324 3421 12
348 3384 413 3422 rosa
431 3383 543 3436 quoque
563 3366 722 3424 Oornart'us.
787 3367 896 3424 simbla.
980 3373 1012 3420 13
1032 3366 1116 3420 dicto.

105 3443 139 3491 14
157 3453 310 3507 exquoquo.
384 3443 416 3492 17
435 3438 565 3493 nochum.
639 3445 673 3493 21
689 3438 896 3495 crocoacmotis.
970 3443 1003 3492 27
1020 3451 1116 3506 amyg-

103 3506 232 3562 dalarum
249 3523 406 3563 amararum
425 3508 585 3565 domarius.
