2438 3802
513 185 550 195 —
599 151 753 215 368-

125 312 200 370 ctnis
223 309 390 371 levissimus
414 311 543 370 admixto
567 313 710 389 sanguine
733 309 844 370 bubulo
871 308 1019 370 subactus
1040 319 1070 371 et
1087 313 1137 371 im-

124 400 248 476 positus.
643 474 655 483 α

90 497 107 547 8
215 486 366 547 Vettonica
390 504 458 547 cum
482 504 556 565 aqua
580 486 616 546 ad
640 488 744 547 tertias
767 485 888 546 decocta
911 503 946 544 ac
966 489 1058 562 potui
1075 487 1137 547 data

125 578 249 655 ipsaque
274 594 341 636 cum
360 575 512 635 decoxerit
530 576 601 634 trita
620 582 708 653 atque
728 574 860 652 adposita
878 572 1031 652 podagrae
1051 574 1136 653 pluri-

90 675 207 724 amum
234 663 379 723 medetur.
420 661 519 722 Herba
546 665 677 743 senecio,
707 680 781 741 quae
806 664 838 721 in
860 660 969 739 tegulis
993 665 1156 743 nascitur,t

126 770 193 812 cum
213 750 272 810 sale
291 753 362 810 trita
380 751 444 809 rice
462 749 644 828 malagmatis
663 752 799 829 imposita
817 749 987 828 podagricis
1008 751 1135 829 prodest

73 850 106 899 10
213 836 354 914 Malagma
382 841 623 915 potentissimum
650 838 687 898 ad
715 839 887 916 podagram,
915 837 952 897 ad
981 837 1136 918 fracturas,

125 924 161 985 ad
189 933 334 1003 tumoreS,
362 925 399 985 ad
427 925 644 1006 condylomata,
672 929 761 987 etiam
788 926 823 986 ad
852 927 970 985 renium
995 926 1135 1008 dolorem,

125 1015 150 1072 si
169 1011 228 1072 illic
246 1015 425 1094 imponatur,
449 1015 528 1093 quod
547 1015 613 1075 fieri
631 1022 749 1093 oportet
767 1012 923 1094 speciebus
944 1014 1026 1074 infra
1047 1017 1135 1094 scrip·

124 1103 163 1161 tis
187 1103 243 1162 sic:
267 1102 400 1182 Asphalti
422 1103 520 1182 pondo
545 1121 647 1182 unum,
673 1120 759 1162 cerae
777 1101 875 1180 pondo
893 1119 997 1176 uuum,
1018 1105 1133 1164 resinae
1145 1119 1163 1158 tt

124 1190 287 1250 cololoniae
310 1191 408 1270 pondo
432 1209 533 1271 unum,
556 1193 632 1269 picis
655 1188 909 1268 Bruttiae·pondo
930 1207 1035 1271 unum,
1061 1191 1134 1252 chal·

124 1278 223 1338 citidis
245 1278 277 1338 P.
296 1278 322 1358 I,
347 1297 468 1358 spumae
492 1280 607 1357 argenti
629 1280 827 1357 semunciam,
851 1295 990 1337 cerussae
1015 1297 1134 1340 sescun-

123 1368 208 1446 ciam,
231 1367 369 1426 aluminis
392 1367 514 1427 rotundi
533 1368 727 1445 semunciam,
750 1365 888 1426 aluminis
907 1367 995 1425 scissi
1015 1384 1134 1428 sescun-

123 1456 212 1535 ciam,
235 1457 345 1533 misyos
369 1457 567 1536 semunciam,
590 1453 682 1533 gallae
706 1455 903 1533 semunciam,
927 1455 989 1531 opii
1012 1457 1134 1516 seminis

123 1545 317 1622 semunciam,
336 1545 514 1620 opopanacis
534 1544 727 1622 semunciam,
747 1542 825 1602 aloes
841 1544 1038 1622 semunciam,
1058 1558 1165 1622 mgr-n

123 1648 173 1690 rae
198 1633 395 1712 semunciam,
419 1632 495 1690 turis
519 1630 674 1691 masculini
698 1634 895 1709 semunciam,
918 1628 1032 1691 herbae
1057 1650 1134 1692 man-

122 1718 265 1796 dragorae
282 1752 320 1761 -
336 1719 349 1778 l
365 1718 393 1799 S,
408 1721 485 1779 aceti
499 1718 576 1798 quod
593 1719 728 1779 sufficiat.
752 1717 832 1788 Quae
846 1717 997 1778 tundenda
1013 1719 1135 1799 fuerint,

122 1807 230 1866 tundes
258 1814 289 1866 et
316 1825 433 1887 cernes,
465 1826 539 1887 quae
563 1807 790 1887 liquefacienda,
817 1805 853 1866 ad
879 1807 978 1883 ignem
1002 1809 1134 1868 resolves

123 1903 153 1954 et
171 1893 265 1954 colata
283 1897 314 1955 in
333 1913 425 1956 unum
444 1895 639 1974 permiscebis
657 1903 688 1954 et
705 1894 766 1954 leni
784 1913 891 1972 vapore
909 1895 987 1972 ignis
1002 1899 1133 1957 tenuiter

123 1981 272 2061 decoques
296 1990 326 2042 et
348 1991 431 2043 aceto
455 1983 595 2063 paulatim
619 2001 812 2063 consperges,
836 1982 942 2042 deinde
961 1983 1055 2044 facies
1076 1992 1132 2045 tro·
1145 1997 1165 2037 n

123 2069 252 2150 chiscos,
285 2073 338 2150 qui
364 2071 492 2132 habeant
520 2070 694 2150 singuli-
718 2070 817 2151 binas,
845 2088 933 2150 quos,
961 2089 1031 2131 cum
1060 2091 1132 2133 usus

122 2161 262 2239 exegerit,
281 2159 341 2219 leni
361 2162 430 2238 igne
448 2159 578 2220 resolves
597 2166 627 2219 et
646 2161 689 2219 sic
706 2157 833 2238 pedibus
852 2158 1035 2236 malagmatis
1050 2178 1132 2221 more

121 2247 264 2323 impones.

70 2345 102 2392 11
209 2333 385 2393 Remedium
408 2343 655 2412 praesentaneum
677 2335 713 2396 ad
736 2334 895 2413 podagram
919 2341 949 2393 et
970 2352 1132 2395 nervorum

121 2426 152 2478 et
178 2418 279 2478 lateris
307 2429 337 2479 et
359 2424 476 2481 renium
505 2430 534 2482 et
557 2422 726 2483 lumborum
749 2422 865 2482 dolores
889 2421 978 2481 etad
1002 2430 1132 2483 strumas
1144 2437 1167 2479 ro

121 2505 206 2564 etad
225 2506 375 2582 parotidas
394 2516 424 2567 et
442 2509 593 2585 paniculas
613 2511 669 2569 sic:
692 2510 844 2571 Pumiccm
863 2510 1020 2590 marinum,
1043 2509 1131 2572 bacas

120 2592 209 2671 lauri,
239 2595 409 2671 aeruginem
440 2613 533 2674 aequo
561 2597 692 2674 pondere
716 2598 882 2658 contundes
905 2605 935 2657 et
957 2604 1038 2658 teres
1063 2617 1130 2659 cum

119 2682 223 2760 pipere
247 2689 276 2742 et
299 2682 368 2763 sale,
393 2691 535 2762 quantum
554 2687 719 2746 aestimaris
737 2704 825 2765 posse
845 2685 996 2765 sufficere,
1020 2686 1131 2747 adicies

120 2779 150 2830 et
172 2771 247 2850 picis
271 2769 362 2831 durae
386 2779 416 2832 et
435 2771 493 2833 olei
513 2783 542 2834 et
560 2773 655 2834 mellis
674 2774 857 2853 aliquantum
876 2783 906 2834 et
924 2773 1013 2833 simul
1032 2777 1131 2835 omnia

120 2876 215 2938 usque
234 2859 270 2918 ad
289 2861 512 2938 spissitudinem
532 2863 679 2940 decoques
694 2871 724 2922 et
738 2862 832 2922 colata
846 2879 914 2922 cum
929 2861 992 2921 oleo
1009 2862 1130 2942 Syriaco
1143 2878 1166 2919 oo

120 2946 240 3025 subiges
263 2956 294 3008 et
315 2967 370 3027 pro
395 2949 575 3030 malagmate,
598 2969 666 3010 cum
690 2968 765 3028 opus
788 2950 887 3030 luerit,
910 2951 1013 3010 uteris.

68 3045 100 3093 12
208 3035 389 3114 Compositio
407 3037 604 3098 Mithridation
623 3038 659 3098 ad
678 3037 836 3117 podagram
856 3047 886 3097 et
904 3055 1063 3098 nervorum
1079 3039 1130 3099 do·

119 3120 197 3182 lores
221 3132 251 3183 et
275 3128 492 3185 contractiones
515 3128 572 3186 sic:
600 3124 692 3186 Gerae
716 3126 832 3186 unciam
856 3143 958 3206 unam,
982 3126 1129 3186 medullae

119 3212 254 3269 cervinae
278 3211 446 3272 drachmam
470 3212 491 3293 l,
515 3213 609 3292 adipis
627 3216 747 3274 ursinae
767 3212 936 3273 drachmam
954 3212 976 3293 l,
1000 3215 1131 3274 cinnami

88 3481 121 3536 U
195 3421 231 3502 1?
248 3416 311 3474 leni
329 3419 451 3492 scripsi:
474 3418 536 3478 leri
556 3417 723 3475 cormerico.
818 3421 857 3467 ‘rt
868 3415 936 3465 leni
949 3417 1060 3478 certost:
1073 3418 1140 3467 issa

113 3500 264 3546 ornamus.
