2438 3802
489 143 725 208 -366-

101 305 165 376 Quo
193 305 387 366 medicamine
414 305 588 383 refrigerato
614 306 658 364 uti
682 305 837 365 conveniet
859 322 914 382 pro
939 303 1117 383 malagmate

101 393 148 454 sel
171 394 331 475 emplastro
354 394 390 454 ad
414 411 456 474 ea,
480 411 555 471 quae
579 410 668 472 supra
692 395 803 471 scripta
825 401 902 454 suut.

491 585 569 646 CAP.
593 584 720 646 XXXVI.

126 700 181 754 Ad
207 697 390 766 podagram
419 695 563 751 calidam
590 699 625 751 et
651 695 809 765 frigidam
838 699 873 751 et
900 695 1097 766 chiragram

224 783 373 838 remedie
395 784 535 852 physica
572 787 605 840 et
622 784 837 840 rationabilis
858 784 995 840 diversa

448 873 491 927 de
517 872 765 942 experimentis.

67 1017 82 1064 1
189 1003 351 1084 Podagram
379 1005 451 1066 lenit
479 1025 620 1087 oesypum
644 1027 712 1068 cum
735 1007 811 1068 lacte
832 1007 967 1068 mulieris
991 1016 1025 1068 et
1050 1027 1117 1070 cum

102 1110 222 1154 cerussa
250 1094 430 1175 adpositum3
458 1095 545 1155 limus
573 1114 692 1174 quoque
715 1095 845 1157 bubulus
868 1113 977 1157 recens
1002 1097 1116 1158 calidus

102 1193 132 1244 et
159 1182 315 1262 pulmones
342 1183 466 1261 pecudis
499 1183 586 1244 calidi
618 1191 755 1244 recentes
789 1192 819 1245 et
848 1183 887 1244 lel
914 1187 1020 1245 arietis
1050 1199 1137 1247 cums

103 1289 171 1331 sevo
200 1289 254 1331 suo
283 1279 313 1331 et
335 1272 422 1331 limus
446 1270 621 1350 gallinarum
644 1289 751 1332 recens
774 1272 927 1350 adpositus
950 1272 1116 1352 plurimum

101 1361 181 1420 iuvat
208 1377 324 1419 necnon
353 1369 383 1419 et
410 1359 526 1419 cocleae
553 1359 708 1420 Africanae
737 1379 805 1421 cum
833 1378 886 1421 sua
914 1377 1005 1421 carne
1039 1381 1116 1424 oom-

102 1446 206 1508 bustae
230 1450 364 1525 cinisque
389 1465 491 1506 earum
515 1465 550 1507 ex
573 1450 643 1508 vino
666 1447 769 1520 inlitus
792 1448 937 1509 medetur.

67 1545 83 1593 2
155 1534 157 1539 ’
191 1535 331 1596 Cerotum
359 1534 515 1594 adversum
544 1535 652 1612 pedum
676 1536 793 1597 dolores
816 1536 873 1597 boc
896 1536 985 1596 modo
1009 1537 1116 1599 iacies:

102 1623 168 1684 ulei
185 1624 283 1702 pondo
302 1622 337 1702 ll,
360 1621 506 1682 medullae
525 1625 661 1683 cervinae
680 1627 784 1685 uncias
803 1643 864 1706 sex,
882 1627 1001 1685 resinae
1021 1627 1115 1686 frixae
1127 1642 1149 1682 u

101 1715 205 1772 uncias
229 1730 289 1791 sex,
312 1711 412 1790 butyri
435 1713 552 1771 unciam
576 1729 673 1772 uuam.
707 1712 787 1773 Haec
806 1715 917 1791 pariter
936 1714 968 1772 in
987 1715 1115 1775 caccabo

103 1801 258 1860 solvuntur
277 1808 307 1859 et
325 1799 469 1879 colantur,
489 1806 593 1878 postea
612 1799 722 1860 adicies
741 1800 795 1861 lini
813 1802 935 1861 seminis
954 1801 1115 1884 heminam,

102 1888 180 1948 lacni
199 1890 297 1966 graeci
315 1887 473 1966 heminam,
497 1905 572 1966 quae
595 1890 636 1948 ita
654 1891 766 1967 pariter
785 1907 962 1968 concoques,
986 1898 1020 1950 ut
1041 1895 1114 1969 spis·

103 1993 169 2036 sum
193 1980 244 2057 sit,
268 1976 374 2036 deinde
397 1975 509 2036 colabis
532 1976 617 2036 etde
637 1978 702 2054 ipso
721 1977 816 2038 colato
835 1979 876 2038 ita
895 1976 1022 2038 densum
1042 1987 1115 2039 tem·

102 2064 229 2144 perabis,
253 2064 348 2125 donec
372 2063 564 2144 emplastrum
587 2064 685 2125 iacias.
1126 2079 1148 2120 1⁶

67 2161 83 2209 3
191 2152 366 2212 Remedium
393 2155 600 2232 paregoricum
629 2153 665 2212 ad
695 2153 854 2230 podagram
882 2154 938 2213 sic:
972 2153 1116 2232 Cupressi

102 2239 190 2300 bacas
209 2239 319 2300 virides
339 2248 411 2317 quot
430 2241 558 2300 volueris
578 2240 710 2319 decoque
730 2259 766 2301 ex
785 2259 860 2320 aqua
878 2242 1001 2322 marina,
1019 2242 1114 2303 donec

102 2327 205 2386 molles
233 2328 318 2406 fiant,
347 2327 453 2386 deinde
482 2328 631 2387 contunde
659 2332 690 2388 in
718 2329 777 2407 pila
804 2337 834 2389 et
857 2328 982 2390 subinde
1007 2349 1115 2409 aquam

103 2414 246 2491 adsparge
274 2421 303 2472 et
333 2413 469 2472 manibus
499 2414 617 2494 subige,
649 2423 682 2475 ut
715 2426 863 2495 tamquam
891 2416 1035 2495 malagma
1064 2421 1115 2495 sit;

102 2499 171 2558 inde
194 2502 273 2558 inter
296 2501 379 2560 initia
403 2499 514 2559 doloris
537 2503 664 2582 impone,
691 2507 790 2565 statim
814 2504 997 2583 mitigabitur
1021 2507 1113 2566 dolor.
1127 2519 1150 2559 Ν

66 2596 84 2644 4
190 2585 332 2665 Malagma
350 2587 588 2649 efficacissimum
607 2589 643 2650 ad
661 2592 821 2671 podagram
840 2595 896 2654 sic:
915 2592 1020 2654 Carnis
1035 2596 1115 2673 agni·

102 2692 157 2735 nae
180 2675 211 2737 P.
231 2674 275 2756 Vl,
300 2677 437 2754 caprinae
457 2675 488 2738 P.
507 2675 553 2759 Vl,
576 2676 703 2740 bubulae
726 2681 906 2741 masculinae
930 2682 1029 2760 pondo
1053 2700 1114 2760 sex,

102 2765 177 2843 picis
205 2764 333 2844 liquidae
357 2763 431 2825 P.V
459 2765 505 2826 vel
533 2768 622 2827 etiam
644 2766 694 2847 Vl,
723 2771 795 2829 nitri
817 2768 848 2828 P.
867 2767 945 2849 Vlll,
973 2768 1115 2831 bacarum

102 2856 231 2932 iuniperi
249 2853 348 2932 pondo
368 2871 429 2934 sex,
449 2873 534 2914 cerae
553 2855 585 2915 P.
600 2855 711 2916 decem.
742 2855 821 2917 Haec
840 2859 939 2916 omnia
957 2875 1115 2939 concerpe,

103 2942 261 3021 contunde,
285 2961 381 3020 coque
405 2951 435 3002 et
454 2961 522 3002 cum
541 2943 686 3022 liquidum
705 2944 795 3004 luerit
814 2945 1006 3026 medicamen,
1030 2946 1152 3006 adicere

104 3047 207 3108 cepam
240 3038 270 3090 et
302 3030 427 3090 subinde
460 3033 607 3108 permisce
640 3040 670 3092 et
702 3031 808 3092 deinde
836 3030 993 3110 galbanum
1021 3037 1115 3114 mitte,

105 3125 248 3195 quantum
263 3119 464 3177 aestimaveris
480 3117 617 3178 sulficere
631 3138 728 3200 posse,
743 3128 773 3180 et
787 3119 912 3180 subinde
925 3123 1011 3198 agita.
1032 3122 1115 3192 Quae

105 3222 174 3264 cum
196 3205 272 3264 bene
295 3205 453 3283 liquefacta
476 3213 506 3265 et
529 3209 687 3267 commixta
710 3208 830 3288 luerint,
855 3208 965 3268 adicies
989 3209 1116 3288 sulphur

105 3299 135 3350 et
157 3294 270 3352 nitrum
294 3300 324 3352 et
346 3292 434 3353 bacas
457 3292 533 3354 lauri
556 3304 708 3376 contusas3
731 3296 837 3357 deiude
861 3314 928 3356 cum
952 3295 1028 3356 bene
1048 3316 1116 3376 per-

168 3489 189 3537 3
211 3488 373 3562 oesypum]
393 3490 429 3561 cs.
448 3489 535 3549 Plio.
550 3506 581 3546 ts.
593 3489 623 3545 b.
639 3491 686 3554 bb,
698 3489 748 3539 lb.
