2438 3802
486 165 727 229 —383-

148 327 289 407 Quaeque
313 329 376 401 suis
399 335 505 388 natura
528 327 614 388 bonis
637 336 776 406 terraque
799 329 933 405 marique

147 416 262 497 Edidit,
285 416 333 476 illa
357 418 420 477 suis
443 415 529 476 altrix
554 415 753 496 simulatque
776 418 903 476 creatrix

148 505 271 566 Fetibus
295 507 474 586 omnigenis,
498 523 573 584 quos
597 507 737 586 parturit,
762 522 832 583 ergo
857 503 990 565 salubres

149 594 288 674 Suggerit
311 595 460 673 impensas
482 603 574 672 ponto
597 602 627 654 et
649 593 756 654 tellure
779 600 906 675 creatas,

148 685 265 762 Angue,
289 684 364 764 iera,
387 683 516 763 pecude,
540 682 638 761 fruge,
662 681 743 762 alite,
766 684 894 762 murice,
917 684 1013 762 pisce,

148 771 250 852 Lacte,
274 789 369 852 mero,
393 774 503 852 pomis,
526 769 666 850 lymphis,
690 770 763 851 sale,
787 770 872 831 melle
895 780 926 831 et
948 771 1038 851 olivo,

150 860 248 940 Sucis,
272 859 468 940 unguinibus,
491 859 599 940 taedis,
622 861 703 940 pice,
725 859 852 940 sulfure,
876 878 959 941 cera,

147 948 275 1026 Polline,
297 949 392 1029 farre,
415 948 504 1029 labis,
527 947 601 1028 lino,
624 947 727 1029 scobe,
751 948 871 1026 vellere,
896 967 1003 1030 cornu,

148 1037 233 1097 Bacis
257 1045 287 1097 et
309 1036 434 1117 balanis,
458 1037 559 1117 lignis,
583 1036 724 1119 carbone,
747 1037 856 1118 favilla,

148 1125 286 1185 Floribus
309 1134 339 1186 et
362 1128 451 1186 variis
473 1125 588 1205 herbis,
611 1124 712 1186 holere
736 1133 825 1204 atque
848 1125 987 1203 metallis,

149 1213 282 1292 Sandyce
306 1221 336 1273 et
358 1221 453 1296 oreta,
476 1213 669 1294 psimmytho,
692 1216 824 1293 pumice,
846 1231 952 1293 gypso,

149 1302 281 1382 Cadmia,
305 1301 435 1383 chalciti,
459 1302 647 1383 chalcantho,
670 1302 771 1363 chalco
795 1311 824 1362 et
847 1301 966 1381 adusto,

149 1391 297 1451 Cassitero
322 1390 415 1470 molli,
438 1391 535 1470 lepida
559 1391 677 1471 Cypria,
701 1397 874 1451 atramento.

148 1479 254 1540 Prome
278 1481 367 1540 etiam
385 1473 460 1562 (seu
483 1479 575 1540 tunde
598 1482 683 1559 prius
707 1498 760 1540 seu
783 1487 904 1540 contere
927 1471 1028 1561 gyro),

149 1568 235 1639 Quod
258 1569 351 1628 viride
375 1568 481 1628 hortus
504 1567 607 1648 habet,
631 1567 676 1628 vel
699 1567 778 1647 quod
802 1569 935 1628 carnaria
960 1569 1086 1647 siccum,

148 1657 211 1716 Alia
235 1657 455 1736 serpyllumque
478 1655 586 1717 herbas
609 1657 835 1737 thymbramque
859 1655 1009 1716 salubrem

149 1744 343 1823 Brassicaque
367 1755 398 1806 et
420 1743 567 1826 raphanos
591 1764 625 1806 ac
647 1745 744 1824 longis
767 1745 870 1806 intuba
893 1745 977 1805 tibris

149 1831 187 1891 Et
210 1840 338 1892 mentam
362 1842 392 1894 et
415 1836 511 1913 sinapi
534 1834 725 1895 coriandrum
747 1841 1008 1912 prototomumque

148 1920 276 1980 Erucam
301 1914 525 2001 atque'apium,
549 1922 670 1983 malvam
695 1922 853 2001 betamque
877 1920 1026 1982 salubrem

149 2009 316 2087 Rutamque
341 2017 370 2069 et
393 2018 566 2071 nasturcum
590 2020 620 2072 et
642 2029 740 2071 amara
764 2009 908 2071 absinthia
931 2013 1024 2070 misce

150 2097 345 2176 Puleiumque
368 2105 474 2176 potens
497 2118 614 2160 necnon
638 2108 667 2160 et
690 2099 756 2160 lene
780 2101 941 2159 cuminum.

149 2185 279 2246 Palmula
302 2204 357 2246 nee
381 2186 479 2246 desint
501 2186 619 2248 ldumes
643 2207 698 2248 nec
721 2206 817 2266 pruna
840 2187 986 2267 Damasci,

150 2275 231 2345 Oetae
255 2293 323 2335 cum
346 2275 504 2353 multiplici
526 2279 702 2337 contriveris
726 2276 798 2336 orbe
821 2276 959 2355 terendo,

149 2365 182 2424 ln
206 2365 315 2442 patinis
339 2372 459 2425 excocta
484 2365 567 2425 dabis
591 2373 642 2426 aut
665 2365 827 2445 grandibus
850 2364 916 2424 ollis

150 2450 272 2533 (Verum
297 2446 451 2536 adoperta)
476 2473 600 2537 coques,
623 2473 660 2514 ue
685 2455 796 2516 fumida
819 2457 883 2514 iura
907 2472 1043 2533 saporem
1105 2489 1107 2492 >

150 2541 330 2620 Corruptum
353 2543 491 2624 reddant,
516 2563 603 2623 quem
628 2562 695 2603 mox
719 2544 850 2605 fastidiat
873 2561 969 2621 aeger.

149 2630 230 2688 Adde
254 2638 284 2690 et
307 2634 481 2692 aromaticas
504 2634 632 2710 species,
656 2650 729 2710 quas
753 2635 844 2693 mittit
866 2631 961 2712 Eous,

149 2716 202 2774 Vel
226 2735 301 2793 quae
323 2716 452 2777 Iudaicis
476 2720 608 2797 fragrant
631 2717 706 2778 bene
730 2720 848 2779 condita
872 2722 983 2800 capsis,

150 2803 224 2882 Tus,
249 2811 378 2884 costum,
402 2804 518 2884 lolium,
542 2823 685 2884 myrram,
710 2814 870 2885 styracem,
899 2825 1116 2890 crocomagma,

149 2891 355 2971 Aspalathum,
379 2891 499 2970 gallam,
522 2892 686 2952 elleborum
710 2895 887 2971 nigrumque
911 2893 1044 2954 bitumen

151 2980 189 3041 Et
212 2980 337 3041 nardum
362 2988 391 3039 et
415 2982 508 3040 casias
532 2991 562 3041 et
585 2998 699 3040 amoma
724 2989 753 3041 et
776 2982 911 3041 cinnama
935 3000 1014 3061 rara,

151 3069 297 3151 Balsama,
321 3068 540 3151 peucedanum,
564 3070 690 3148 spicam,
714 3087 823 3130 crocon
846 3077 935 3148 atquc
961 3069 1118 3152 bedellam,

197 3245 231 3292 24
260 3244 289 3294 et
316 3240 396 3310 fruge
426 3240 585 3296 Corucriue.
695 3245 728 3294 32
756 3239 854 3309 lepido
880 3241 995 3310 scripsi.-
1022 3240 1117 3310 lepide

108 3309 268 3366 Octobriue.
325 3315 408 3380 atque
428 3314 584 3367 atramento
606 3311 770 3379 Quartus:
789 3313 876 3380 atoue
894 3314 951 3366 det.
967 3312 1134 3384 Bocchum.

107 3386 141 3435 36
158 3382 257 3450 intyba
277 3381 436 3439 menaeus.
533 3389 569 3440 40
587 3382 801 3459 pulegiumuue
817 3385 905 3439 idem„
1001 3386 1162 3436 symm

97 3452 174 3504 edem.
272 3457 308 3507 45
327 3471 412 3524 quem
433 3456 605 3518 Buecheler:
626 3477 705 3532 onae
725 3457 906 3516 decoetus.
1006 3445 1054 3491 hb
1069 3442 1189 3486 mm

85 3518 288 3580 Burmameue:
306 3541 427 3586 erocum
450 3530 630 3594 cornutos.
1085 3537 1108 3547 “
