<?xml version="1.0" encoding="UTF-8"?>
<!DOCTYPE html PUBLIC "-//W3C//DTD XHTML 1.0 Transitional//EN"
    "http://www.w3.org/TR/xhtml1/DTD/xhtml1-transitional.dtd">
<html xmlns="http://www.w3.org/1999/xhtml" xml:lang="en" lang="en">
 <head>
  <title>
</title>
<meta http-equiv="Content-Type" content="text/html;charset=utf-8" />
  <meta name='ocr-system' content='tesseract 3.04.00' />
  <meta name='ocr-capabilities' content='ocr_page ocr_carea ocr_par ocr_line ocrx_word'/>
</head>
<body>
  <div class='ocr_page' id='page_1' title='image "./marcellidemedic01helmgoog_0076.png"; bbox 0 0 2438 3802; ppageno 0'>
   <div class='ocr_carea' id='block_1_1' title="bbox 507 83 722 148">
    <p class='ocr_par' dir='ltr' id='par_1_1' title="bbox 507 83 722 148">
     <span class='ocr_line' id='line_1_1' title="bbox 507 83 722 148; baseline 0 -19"><span class='ocrx_word' id='word_1_1' title='bbox 507 83 722 148; x_wconf 68' lang='lat'><strong>„03-</strong></span> 
     </span>
    </p>
   </div>
   <div class='ocr_carea' id='block_1_2' title="bbox 61 244 1174 3169">
    <p class='ocr_par' dir='ltr' id='par_1_2' title="bbox 79 244 1174 1037">
     <span class='ocr_line' id='line_1_2' title="bbox 107 244 1122 329; baseline 0.001 -21"><span class='ocrx_word' id='word_1_2' title='bbox 107 250 207 309; x_wconf 90' lang='lat' dir='ltr'><strong>ciatim</strong></span> <span class='ocrx_word' id='word_1_3' title='bbox 235 253 402 325; x_wconf 88' lang='lat' dir='ltr'><strong>repertum:</strong></span> <span class='ocrx_word' id='word_1_4' title='bbox 435 244 539 306; x_wconf 82' lang='lat' dir='ltr'><strong>Cretae</strong></span> <span class='ocrx_word' id='word_1_5' title='bbox 570 245 683 307; x_wconf 81' lang='lat' dir='ltr'><strong>Samiae</strong></span> <span class='ocrx_word' id='word_1_6' title='bbox 711 245 814 327; x_wconf 99' lang='lat' dir='ltr'>XXI,</span> <span class='ocrx_word' id='word_1_7' title='bbox 842 248 902 326; x_wconf 94' lang='lat' dir='ltr'><strong>opii</strong></span> <span class='ocrx_word' id='word_1_8' title='bbox 930 247 1018 329; x_wconf 89' lang='lat' dir='ltr'><strong>XX,</strong></span> <span class='ocrx_word' id='word_1_9' title='bbox 1052 249 1122 309; x_wconf 91' lang='lat' dir='ltr'><strong>stibi</strong></span> 
     </span>
     <span class='ocr_line' id='line_1_3' title="bbox 107 333 1120 416; baseline 0.002 -20"><span class='ocrx_word' id='word_1_10' title='bbox 107 336 132 396; x_wconf 90' lang='lat' dir='ltr'>X</span> <span class='ocrx_word' id='word_1_11' title='bbox 156 335 219 416; x_wconf 89' lang='lat' dir='ltr'><strong>XL,</strong></span> <span class='ocrx_word' id='word_1_12' title='bbox 243 338 369 397; x_wconf 91' lang='lat' dir='ltr'><strong>cummis</strong></span> <span class='ocrx_word' id='word_1_13' title='bbox 393 333 419 394; x_wconf 93' lang='lat' dir='ltr'>X</span> <span class='ocrx_word' id='word_1_14' title='bbox 443 333 505 416; x_wconf 93' lang='lat' dir='ltr'><strong>XX,</strong></span> <span class='ocrx_word' id='word_1_15' title='bbox 528 334 608 395; x_wconf 91' lang='lat' dir='ltr'><strong>aloes</strong></span> <span class='ocrx_word' id='word_1_16' title='bbox 631 333 657 394; x_wconf 91' lang='lat' dir='ltr'>X</span> <span class='ocrx_word' id='word_1_17' title='bbox 680 334 715 416; x_wconf 88' lang='lat' dir='ltr'><strong>X,</strong></span> <span class='ocrx_word' id='word_1_18' title='bbox 739 342 879 396; x_wconf 91' lang='lat' dir='ltr'><strong>teruntur</strong></span> <span class='ocrx_word' id='word_1_19' title='bbox 902 335 975 396; x_wconf 92' lang='lat' dir='ltr'><strong>haee</strong></span> <span class='ocrx_word' id='word_1_20' title='bbox 999 346 1029 398; x_wconf 89' lang='lat' dir='ltr'><strong>et</strong></span> <span class='ocrx_word' id='word_1_21' title='bbox 1052 356 1120 398; x_wconf 91' lang='lat' dir='ltr'><strong>con·</strong></span> 
     </span>
     <span class='ocr_line' id='line_1_4' title="bbox 105 423 1174 504; baseline 0.001 -18"><span class='ocrx_word' id='word_1_22' title='bbox 105 426 248 486; x_wconf 86' lang='lat' dir='ltr'><strong>ficiuntur</strong></span> <span class='ocrx_word' id='word_1_23' title='bbox 269 443 304 484; x_wconf 81' lang='lat' dir='ltr'><strong>ex</strong></span> <span class='ocrx_word' id='word_1_24' title='bbox 325 441 401 504; x_wconf 89' lang='lat' dir='ltr'><strong>aqua</strong></span> <span class='ocrx_word' id='word_1_25' title='bbox 419 423 547 503; x_wconf 89' lang='lat' dir='ltr'><strong>pluviali.</strong></span> <span class='ocrx_word' id='word_1_26' title='bbox 584 423 754 504; x_wconf 82' lang='lat' dir='ltr'><strong>Collyrium,</strong></span> <span class='ocrx_word' id='word_1_27' title='bbox 774 424 853 502; x_wconf 89' lang='lat' dir='ltr'><strong>quod</strong></span> <span class='ocrx_word' id='word_1_28' title='bbox 873 423 977 485; x_wconf 91' lang='lat' dir='ltr'><strong>habuit</strong></span> <span class='ocrx_word' id='word_1_29' title='bbox 996 425 1120 487; x_wconf 85' lang='lat' dir='ltr'><strong>Cosmus</strong></span> <span class='ocrx_word' id='word_1_30' title='bbox 1140 438 1174 487; x_wconf 81' lang='lat'><strong>14</strong></span> 
     </span>
     <span class='ocr_line' id='line_1_5' title="bbox 105 513 1120 594; baseline 0.002 -20"><span class='ocrx_word' id='word_1_31' title='bbox 105 515 239 575; x_wconf 90' lang='lat' dir='ltr'><strong>medicus</strong></span> <span class='ocrx_word' id='word_1_32' title='bbox 262 515 341 573; x_wconf 89' lang='lat' dir='ltr'><strong>inter</strong></span> <span class='ocrx_word' id='word_1_33' title='bbox 365 530 480 594; x_wconf 88' lang='lat' dir='ltr'><strong>arcana,</strong></span> <span class='ocrx_word' id='word_1_34' title='bbox 504 513 663 572; x_wconf 91' lang='lat' dir='ltr'><strong>mirilicum</strong></span> <span class='ocrx_word' id='word_1_35' title='bbox 686 513 721 574; x_wconf 92' lang='lat' dir='ltr'><strong>ad</strong></span> <span class='ocrx_word' id='word_1_36' title='bbox 746 515 844 573; x_wconf 90' lang='lat' dir='ltr'><strong>omnia</strong></span> <span class='ocrx_word' id='word_1_37' title='bbox 864 513 1018 574; x_wconf 91' lang='lat' dir='ltr'><strong>oculorum</strong></span> <span class='ocrx_word' id='word_1_38' title='bbox 1038 517 1120 576; x_wconf 88' lang='lat' dir='ltr'><strong>vitia:</strong></span> 
     </span>
     <span class='ocr_line' id='line_1_6' title="bbox 79 601 1120 684; baseline 0.004 -24"><span class='ocrx_word' id='word_1_39' title='bbox 79 603 229 663; x_wconf 76' lang='lat' dir='ltr'><strong>adcaciae</strong></span> <span class='ocrx_word' id='word_1_40' title='bbox 249 601 275 662; x_wconf 90' lang='lat' dir='ltr'>X</span> <span class='ocrx_word' id='word_1_41' title='bbox 294 601 354 682; x_wconf 92' lang='lat' dir='ltr'>XL,</span> <span class='ocrx_word' id='word_1_42' title='bbox 378 619 499 679; x_wconf 89' lang='lat' dir='ltr'><strong>spumae</strong></span> <span class='ocrx_word' id='word_1_43' title='bbox 523 603 639 679; x_wconf 79' lang='lat' dir='ltr'>argenti</span> <span class='ocrx_word' id='word_1_44' title='bbox 661 603 749 662; x_wconf 91' lang='lat' dir='ltr'><strong>tritae</strong></span> <span class='ocrx_word' id='word_1_45' title='bbox 772 601 848 661; x_wconf 93' lang='lat' dir='ltr'><strong>bene</strong></span> <span class='ocrx_word' id='word_1_46' title='bbox 869 610 899 662; x_wconf 91' lang='lat' dir='ltr'><strong>et</strong></span> <span class='ocrx_word' id='word_1_47' title='bbox 917 602 1002 684; x_wconf 91' lang='lat' dir='ltr'><strong>lotae,</strong></span> <span class='ocrx_word' id='word_1_48' title='bbox 1026 603 1120 664; x_wconf 91' lang='lat' dir='ltr'><strong>donec</strong></span> 
     </span>
     <span class='ocr_line' id='line_1_7' title="bbox 106 689 1122 770; baseline 0.001 -19"><span class='ocrx_word' id='word_1_49' title='bbox 106 691 314 751; x_wconf 91' lang='lat' dir='ltr'><strong>candidissima</strong></span> <span class='ocrx_word' id='word_1_50' title='bbox 338 698 368 750; x_wconf 88' lang='lat' dir='ltr'><strong>et</strong></span> <span class='ocrx_word' id='word_1_51' title='bbox 390 689 537 750; x_wconf 85' lang='lat' dir='ltr'><strong>levissima</strong></span> <span class='ocrx_word' id='word_1_52' title='bbox 561 691 624 769; x_wconf 89' lang='lat' dir='ltr'><strong>fiat,</strong></span> <span class='ocrx_word' id='word_1_53' title='bbox 650 689 675 749; x_wconf 94' lang='lat' dir='ltr'>X</span> <span class='ocrx_word' id='word_1_54' title='bbox 700 689 766 770; x_wconf 94' lang='lat' dir='ltr'>XII,</span> <span class='ocrx_word' id='word_1_55' title='bbox 793 689 908 769; x_wconf 85' lang='lat' dir='ltr'><strong>plumbi</strong></span> <span class='ocrx_word' id='word_1_56' title='bbox 932 694 991 752; x_wconf 90' lang='lat' dir='ltr'><strong>usti</strong></span> <span class='ocrx_word' id='word_1_57' title='bbox 1014 703 1044 752; x_wconf 92' lang='lat' dir='ltr'><strong>et</strong></span> <span class='ocrx_word' id='word_1_58' title='bbox 1067 692 1122 753; x_wconf 89' lang='lat' dir='ltr'><strong>loti</strong></span> 
     </span>
     <span class='ocr_line' id='line_1_8' title="bbox 107 777 1121 863; baseline 0.002 -25"><span class='ocrx_word' id='word_1_59' title='bbox 107 779 224 860; x_wconf 91' lang='lat' dir='ltr'>XXVI,</span> <span class='ocrx_word' id='word_1_60' title='bbox 245 778 325 838; x_wconf 88' lang='lat' dir='ltr'><strong>stibii</strong></span> <span class='ocrx_word' id='word_1_61' title='bbox 340 777 364 838; x_wconf 90' lang='lat' dir='ltr'>X</span> <span class='ocrx_word' id='word_1_62' title='bbox 379 777 428 859; x_wconf 93' lang='lat' dir='ltr'>XI,</span> <span class='ocrx_word' id='word_1_63' title='bbox 449 786 548 839; x_wconf 81' lang='lat' dir='ltr'><strong>cretae</strong></span> <span class='ocrx_word' id='word_1_64' title='bbox 568 778 683 839; x_wconf 80' lang='lat' dir='ltr'><strong>Samiae</strong></span> <span class='ocrx_word' id='word_1_65' title='bbox 698 779 724 839; x_wconf 99' lang='lat' dir='ltr'>X</span> <span class='ocrx_word' id='word_1_66' title='bbox 738 777 806 861; x_wconf 92' lang='lat' dir='ltr'>XII,</span> <span class='ocrx_word' id='word_1_67' title='bbox 825 798 964 840; x_wconf 82' lang='lat' dir='ltr'><strong>cerussae</strong></span> <span class='ocrx_word' id='word_1_68' title='bbox 980 780 1004 841; x_wconf 91' lang='lat' dir='ltr'>X</span> <span class='ocrx_word' id='word_1_69' title='bbox 1019 780 1121 863; x_wconf 85' lang='lat' dir='ltr'>XVIII,</span> 
     </span>
     <span class='ocr_line' id='line_1_9' title="bbox 107 867 1120 947; baseline 0.002 -19"><span class='ocrx_word' id='word_1_70' title='bbox 107 886 254 928; x_wconf 87' lang='lat' dir='ltr'><strong>cornuum</strong></span> <span class='ocrx_word' id='word_1_71' title='bbox 281 869 469 928; x_wconf 90' lang='lat' dir='ltr'><strong>cervinorum</strong></span> <span class='ocrx_word' id='word_1_72' title='bbox 498 875 634 928; x_wconf 89' lang='lat' dir='ltr'><strong>ustorum</strong></span> <span class='ocrx_word' id='word_1_73' title='bbox 663 875 693 928; x_wconf 90' lang='lat' dir='ltr'><strong>et</strong></span> <span class='ocrx_word' id='word_1_74' title='bbox 716 867 845 928; x_wconf 92' lang='lat' dir='ltr'><strong>lotorum</strong></span> <span class='ocrx_word' id='word_1_75' title='bbox 870 869 947 947; x_wconf 92' lang='lat' dir='ltr'><strong>quod</strong></span> <span class='ocrx_word' id='word_1_76' title='bbox 972 872 1029 930; x_wconf 90' lang='lat' dir='ltr'><strong>erit</strong></span> <span class='ocrx_word' id='word_1_77' title='bbox 1053 888 1120 930; x_wconf 89' lang='lat' dir='ltr'><strong>can·</strong></span> 
     </span>
     <span class='ocr_line' id='line_1_10' title="bbox 106 955 1120 1037; baseline 0.003 -21"><span class='ocrx_word' id='word_1_78' title='bbox 106 957 293 1017; x_wconf 89' lang='lat' dir='ltr'><strong>didissimum</strong></span> <span class='ocrx_word' id='word_1_79' title='bbox 311 955 336 1016; x_wconf 92' lang='lat' dir='ltr'>X</span> <span class='ocrx_word' id='word_1_80' title='bbox 355 955 432 1036; x_wconf 89' lang='lat' dir='ltr'>VIII,</span> <span class='ocrx_word' id='word_1_81' title='bbox 451 975 591 1035; x_wconf 87' lang='lat' dir='ltr'><strong>squamae</strong></span> <span class='ocrx_word' id='word_1_82' title='bbox 611 958 688 1018; x_wconf 87' lang='lat' dir='ltr'><strong>aeris</strong></span> <span class='ocrx_word' id='word_1_83' title='bbox 702 955 728 1016; x_wconf 92' lang='lat' dir='ltr'>X</span> <span class='ocrx_word' id='word_1_84' title='bbox 743 956 810 1035; x_wconf 94' lang='lat' dir='ltr'>IIII,</span> <span class='ocrx_word' id='word_1_85' title='bbox 830 959 891 1036; x_wconf 94' lang='lat' dir='ltr'><strong>opii</strong></span> <span class='ocrx_word' id='word_1_86' title='bbox 909 957 934 1017; x_wconf 89' lang='lat' dir='ltr'>X</span> <span class='ocrx_word' id='word_1_87' title='bbox 950 957 1016 1037; x_wconf 94' lang='lat' dir='ltr'>IIII,</span> <span class='ocrx_word' id='word_1_88' title='bbox 1036 977 1120 1019; x_wconf 91' lang='lat' dir='ltr'><strong>aeru-</strong></span> 
     </span>
    </p>

    <p class='ocr_par' dir='ltr' id='par_1_3' title="bbox 65 1044 1120 1481">
     <span class='ocr_line' id='line_1_11' title="bbox 65 1044 1119 1126; baseline 0.002 -22"><span class='ocrx_word' id='word_1_89' title='bbox 65 1065 91 1104; x_wconf 89' lang='lat'><strong>10</strong></span> <span class='ocrx_word' id='word_1_90' title='bbox 106 1048 183 1124; x_wconf 83' lang='lat' dir='ltr'><strong>ginis</strong></span> <span class='ocrx_word' id='word_1_91' title='bbox 207 1064 290 1106; x_wconf 90' lang='lat' dir='ltr'><strong>rasae</strong></span> <span class='ocrx_word' id='word_1_92' title='bbox 310 1044 335 1105; x_wconf 92' lang='lat' dir='ltr'>X</span> <span class='ocrx_word' id='word_1_93' title='bbox 355 1044 418 1126; x_wconf 93' lang='lat' dir='ltr'>VII,</span> <span class='ocrx_word' id='word_1_94' title='bbox 442 1045 622 1106; x_wconf 87' lang='lat' dir='ltr'><strong>cardamorni</strong></span> <span class='ocrx_word' id='word_1_95' title='bbox 644 1048 786 1107; x_wconf 91' lang='lat' dir='ltr'><strong>interiora</strong></span> <span class='ocrx_word' id='word_1_96' title='bbox 810 1045 835 1105; x_wconf 93' lang='lat' dir='ltr'>X</span> <span class='ocrx_word' id='word_1_97' title='bbox 860 1045 899 1126; x_wconf 95' lang='lat' dir='ltr'><strong>II,</strong></span> <span class='ocrx_word' id='word_1_98' title='bbox 923 1045 1029 1124; x_wconf 91' lang='lat' dir='ltr'><strong>lapidis</strong></span> <span class='ocrx_word' id='word_1_99' title='bbox 1052 1047 1119 1106; x_wconf 91' lang='lat' dir='ltr'><strong>hae·</strong></span> 
     </span>
     <span class='ocr_line' id='line_1_12' title="bbox 104 1133 1120 1216; baseline 0 -22"><span class='ocrx_word' id='word_1_100' title='bbox 104 1137 215 1196; x_wconf 92' lang='lat' dir='ltr'><strong>matitis</strong></span> <span class='ocrx_word' id='word_1_101' title='bbox 234 1134 260 1194; x_wconf 99' lang='lat' dir='ltr'>X</span> <span class='ocrx_word' id='word_1_102' title='bbox 279 1133 345 1215; x_wconf 93' lang='lat' dir='ltr'>IIII,</span> <span class='ocrx_word' id='word_1_103' title='bbox 368 1133 473 1212; x_wconf 91' lang='lat' dir='ltr'><strong>lapidis</strong></span> <span class='ocrx_word' id='word_1_104' title='bbox 492 1135 554 1194; x_wconf 90' lang='lat' dir='ltr'><strong>lissi</strong></span> <span class='ocrx_word' id='word_1_105' title='bbox 573 1133 598 1194; x_wconf 93' lang='lat' dir='ltr'>X</span> <span class='ocrx_word' id='word_1_106' title='bbox 617 1133 684 1216; x_wconf 95' lang='lat' dir='ltr'>IIII,</span> <span class='ocrx_word' id='word_1_107' title='bbox 703 1137 860 1194; x_wconf 88' lang='lat' dir='ltr'><strong>tamaricae</strong></span> <span class='ocrx_word' id='word_1_108' title='bbox 880 1137 1003 1195; x_wconf 89' lang='lat' dir='ltr'><strong>seminis</strong></span> <span class='ocrx_word' id='word_1_109' title='bbox 1017 1134 1042 1194; x_wconf 93' lang='lat' dir='ltr'>X</span> <span class='ocrx_word' id='word_1_110' title='bbox 1057 1135 1120 1214; x_wconf 93' lang='lat' dir='ltr'>IIII,</span> 
     </span>
     <span class='ocr_line' id='line_1_13' title="bbox 106 1222 1119 1305; baseline 0 -22"><span class='ocrx_word' id='word_1_111' title='bbox 106 1226 185 1283; x_wconf 91' lang='lat' dir='ltr'><strong>croci</strong></span> <span class='ocrx_word' id='word_1_112' title='bbox 205 1222 312 1303; x_wconf 94' lang='lat' dir='ltr'>XIIII,</span> <span class='ocrx_word' id='word_1_113' title='bbox 332 1225 407 1283; x_wconf 88' lang='lat' dir='ltr'><strong>turis</strong></span> <span class='ocrx_word' id='word_1_114' title='bbox 427 1222 535 1305; x_wconf 91' lang='lat' dir='ltr'>XIIII,</span> <span class='ocrx_word' id='word_1_115' title='bbox 553 1241 672 1284; x_wconf 89' lang='lat' dir='ltr'><strong>murrae</strong></span> <span class='ocrx_word' id='word_1_116' title='bbox 693 1222 800 1303; x_wconf 92' lang='lat' dir='ltr'>XIIII,</span> <span class='ocrx_word' id='word_1_117' title='bbox 819 1223 1001 1302; x_wconf 85' lang='lat' dir='ltr'><strong>opobalsami</strong></span> <span class='ocrx_word' id='word_1_118' title='bbox 1015 1223 1040 1283; x_wconf 92' lang='lat' dir='ltr'>X</span> <span class='ocrx_word' id='word_1_119' title='bbox 1056 1223 1119 1302; x_wconf 93' lang='lat' dir='ltr'>IIII,</span> 
     </span>
     <span class='ocr_line' id='line_1_14' title="bbox 105 1311 1119 1394; baseline 0.002 -24"><span class='ocrx_word' id='word_1_120' title='bbox 105 1311 174 1390; x_wconf 91' lang='lat' dir='ltr'><strong>lycii</strong></span> <span class='ocrx_word' id='word_1_121' title='bbox 196 1311 221 1370; x_wconf 95' lang='lat' dir='ltr'>X</span> <span class='ocrx_word' id='word_1_122' title='bbox 244 1311 313 1392; x_wconf 95' lang='lat' dir='ltr'>IIII,</span> <span class='ocrx_word' id='word_1_123' title='bbox 341 1311 419 1372; x_wconf 90' lang='lat' dir='ltr'><strong>aloes</strong></span> <span class='ocrx_word' id='word_1_124' title='bbox 444 1311 470 1371; x_wconf 93' lang='lat' dir='ltr'>X</span> <span class='ocrx_word' id='word_1_125' title='bbox 492 1311 559 1393; x_wconf 93' lang='lat' dir='ltr'>IIII,</span> <span class='ocrx_word' id='word_1_126' title='bbox 577 1313 658 1389; x_wconf 25' lang='lat' dir='ltr'><strong>,costi</strong></span> <span class='ocrx_word' id='word_1_127' title='bbox 677 1311 703 1370; x_wconf 93' lang='lat' dir='ltr'>X</span> <span class='ocrx_word' id='word_1_128' title='bbox 725 1311 793 1392; x_wconf 93' lang='lat' dir='ltr'>IIII,</span> <span class='ocrx_word' id='word_1_129' title='bbox 817 1314 929 1391; x_wconf 87' lang='lat' dir='ltr'><strong>piperis</strong></span> <span class='ocrx_word' id='word_1_130' title='bbox 953 1312 1012 1373; x_wconf 89' lang='lat' dir='ltr'><strong>albi</strong></span> <span class='ocrx_word' id='word_1_131' title='bbox 1036 1313 1060 1372; x_wconf 89' lang='lat' dir='ltr'>X</span> <span class='ocrx_word' id='word_1_132' title='bbox 1083 1311 1119 1394; x_wconf 93' lang='lat' dir='ltr'><strong>II,</strong></span> 
     </span>
     <span class='ocr_line' id='line_1_15' title="bbox 105 1399 1118 1481; baseline 0 -21"><span class='ocrx_word' id='word_1_133' title='bbox 105 1402 219 1460; x_wconf 90' lang='lat' dir='ltr'><strong>cicutae</strong></span> <span class='ocrx_word' id='word_1_134' title='bbox 251 1403 316 1461; x_wconf 91' lang='lat' dir='ltr'><strong>suci</strong></span> <span class='ocrx_word' id='word_1_135' title='bbox 343 1400 418 1460; x_wconf 93' lang='lat' dir='ltr'><strong>aridi</strong></span> <span class='ocrx_word' id='word_1_136' title='bbox 444 1399 470 1460; x_wconf 92' lang='lat' dir='ltr'>X</span> <span class='ocrx_word' id='word_1_137' title='bbox 498 1399 576 1480; x_wconf 88' lang='lat' dir='ltr'>VIII,</span> <span class='ocrx_word' id='word_1_138' title='bbox 609 1402 786 1461; x_wconf 81' lang='lat' dir='ltr'><strong>ammoniaci</strong></span> <span class='ocrx_word' id='word_1_139' title='bbox 813 1409 963 1479; x_wconf 88' lang='lat' dir='ltr'><strong>guttarum</strong></span> <span class='ocrx_word' id='word_1_140' title='bbox 992 1400 1017 1461; x_wconf 91' lang='lat' dir='ltr'>X</span> <span class='ocrx_word' id='word_1_141' title='bbox 1045 1399 1118 1481; x_wconf 91' lang='lat' dir='ltr'>VIII,</span> 
     </span>
    </p>

    <p class='ocr_par' dir='ltr' id='par_1_4' title="bbox 64 1488 1170 1925">
     <span class='ocr_line' id='line_1_16' title="bbox 64 1488 1118 1570; baseline 0 -22"><span class='ocrx_word' id='word_1_142' title='bbox 64 1509 90 1550; x_wconf 80' lang='lat' dir='ltr'><strong>ra</strong></span> <span class='ocrx_word' id='word_1_143' title='bbox 104 1488 229 1550; x_wconf 92' lang='lat' dir='ltr'><strong>bidellae</strong></span> <span class='ocrx_word' id='word_1_144' title='bbox 249 1488 274 1549; x_wconf 91' lang='lat' dir='ltr'>X</span> <span class='ocrx_word' id='word_1_145' title='bbox 293 1488 370 1569; x_wconf 95' lang='lat' dir='ltr'>VIII,</span> <span class='ocrx_word' id='word_1_146' title='bbox 395 1489 544 1550; x_wconf 86' lang='lat' dir='ltr'><strong>saliuncae</strong></span> <span class='ocrx_word' id='word_1_147' title='bbox 567 1497 709 1568; x_wconf 79' lang='lat' dir='ltr'><strong>purgatae</strong></span> <span class='ocrx_word' id='word_1_148' title='bbox 729 1489 754 1549; x_wconf 93' lang='lat' dir='ltr'>X</span> <span class='ocrx_word' id='word_1_149' title='bbox 773 1488 823 1570; x_wconf 96' lang='lat' dir='ltr'><strong>VI,</strong></span> <span class='ocrx_word' id='word_1_150' title='bbox 842 1492 968 1551; x_wconf 90' lang='lat' dir='ltr'><strong>cummis</strong></span> <span class='ocrx_word' id='word_1_151' title='bbox 987 1489 1012 1550; x_wconf 94' lang='lat' dir='ltr'>X</span> <span class='ocrx_word' id='word_1_152' title='bbox 1032 1489 1118 1549; x_wconf 92' lang='lat' dir='ltr'>XXV.</span> 
     </span>
     <span class='ocr_line' id='line_1_17' title="bbox 104 1577 1118 1657; baseline 0.001 -20"><span class='ocrx_word' id='word_1_153' title='bbox 104 1577 257 1638; x_wconf 84' lang='lat' dir='ltr'><strong>Teruntur</strong></span> <span class='ocrx_word' id='word_1_154' title='bbox 284 1578 357 1638; x_wconf 91' lang='lat' dir='ltr'><strong>baec</strong></span> <span class='ocrx_word' id='word_1_155' title='bbox 385 1580 482 1639; x_wconf 87' lang='lat' dir='ltr'><strong>omnia</strong></span> <span class='ocrx_word' id='word_1_156' title='bbox 511 1578 668 1657; x_wconf 90' lang='lat' dir='ltr'><strong>diligenter</strong></span> <span class='ocrx_word' id='word_1_157' title='bbox 696 1597 733 1639; x_wconf 84' lang='lat' dir='ltr'><strong>ex</strong></span> <span class='ocrx_word' id='word_1_158' title='bbox 760 1581 828 1639; x_wconf 92' lang='lat' dir='ltr'><strong>vino</strong></span> <span class='ocrx_word' id='word_1_159' title='bbox 852 1578 924 1640; x_wconf 85' lang='lat' dir='ltr'><strong>Chio</strong></span> <span class='ocrx_word' id='word_1_160' title='bbox 953 1598 1013 1639; x_wconf 92' lang='lat' dir='ltr'><strong>non</strong></span> <span class='ocrx_word' id='word_1_161' title='bbox 1042 1578 1118 1639; x_wconf 91' lang='lat' dir='ltr'><strong>salso</strong></span> 
     </span>
     <span class='ocr_line' id='line_1_18' title="bbox 104 1666 1119 1746; baseline 0 -20"><span class='ocrx_word' id='word_1_162' title='bbox 104 1674 223 1727; x_wconf 91' lang='lat' dir='ltr'><strong>austero</strong></span> <span class='ocrx_word' id='word_1_163' title='bbox 253 1666 298 1728; x_wconf 92' lang='lat' dir='ltr'><strong>vel</strong></span> <span class='ocrx_word' id='word_1_164' title='bbox 325 1686 362 1727; x_wconf 85' lang='lat' dir='ltr'><strong>ex</strong></span> <span class='ocrx_word' id='word_1_165' title='bbox 390 1669 456 1727; x_wconf 91' lang='lat' dir='ltr'><strong>vino</strong></span> <span class='ocrx_word' id='word_1_166' title='bbox 480 1666 605 1728; x_wconf 84' lang='lat' dir='ltr'><strong>Falerno</strong></span> <span class='ocrx_word' id='word_1_167' title='bbox 629 1686 662 1728; x_wconf 93' lang='lat' dir='ltr'><strong>ac</strong></span> <span class='ocrx_word' id='word_1_168' title='bbox 686 1667 794 1728; x_wconf 91' lang='lat' dir='ltr'><strong>deinde</strong></span> <span class='ocrx_word' id='word_1_169' title='bbox 818 1669 974 1729; x_wconf 81' lang='lat' dir='ltr'><strong>confestim</strong></span> <span class='ocrx_word' id='word_1_170' title='bbox 999 1667 1119 1746; x_wconf 90' lang='lat' dir='ltr'><strong>collyria</strong></span> 
     </span>
     <span class='ocr_line' id='line_1_19' title="bbox 103 1755 1118 1835; baseline 0.001 -20"><span class='ocrx_word' id='word_1_171' title='bbox 103 1756 257 1834; x_wconf 89' lang='lat' dir='ltr'><strong>finguntur</strong></span> <span class='ocrx_word' id='word_1_172' title='bbox 281 1764 311 1816; x_wconf 90' lang='lat' dir='ltr'><strong>et</strong></span> <span class='ocrx_word' id='word_1_173' title='bbox 333 1759 364 1816; x_wconf 93' lang='lat' dir='ltr'><strong>in</strong></span> <span class='ocrx_word' id='word_1_174' title='bbox 387 1755 492 1817; x_wconf 92' lang='lat' dir='ltr'><strong>umbra</strong></span> <span class='ocrx_word' id='word_1_175' title='bbox 512 1759 671 1833; x_wconf 85' lang='lat' dir='ltr'><strong>siccantur,</strong></span> <span class='ocrx_word' id='word_1_176' title='bbox 695 1757 773 1835; x_wconf 89' lang='lat' dir='ltr'><strong>quod</strong></span> <span class='ocrx_word' id='word_1_177' title='bbox 793 1766 823 1818; x_wconf 95' lang='lat' dir='ltr'><strong>et</strong></span> <span class='ocrx_word' id='word_1_178' title='bbox 841 1757 877 1817; x_wconf 94' lang='lat' dir='ltr'><strong>de</strong></span> <span class='ocrx_word' id='word_1_179' title='bbox 896 1757 961 1817; x_wconf 93' lang='lat' dir='ltr'><strong>aliis</strong></span> <span class='ocrx_word' id='word_1_180' title='bbox 980 1755 1118 1817; x_wconf 92' lang='lat' dir='ltr'><strong>omnibus</strong></span> 
     </span>
     <span class='ocr_line' id='line_1_20' title="bbox 103 1843 1170 1925; baseline -0.002 -21"><span class='ocrx_word' id='word_1_181' title='bbox 103 1843 234 1924; x_wconf 79' lang='lat' dir='ltr'><strong>collyriis</strong></span> <span class='ocrx_word' id='word_1_182' title='bbox 260 1844 411 1906; x_wconf 89' lang='lat' dir='ltr'><strong>observari</strong></span> <span class='ocrx_word' id='word_1_183' title='bbox 434 1852 560 1925; x_wconf 91' lang='lat' dir='ltr'><strong>oportet.</strong></span> <span class='ocrx_word' id='word_1_184' title='bbox 607 1844 768 1924; x_wconf 78' lang='lat' dir='ltr'><strong>Collyrium</strong></span> <span class='ocrx_word' id='word_1_185' title='bbox 792 1845 972 1906; x_wconf 89' lang='lat' dir='ltr'><strong>acharistum</strong></span> <span class='ocrx_word' id='word_1_186' title='bbox 996 1845 1116 1906; x_wconf 91' lang='lat' dir='ltr'><strong>theodo·</strong></span> <span class='ocrx_word' id='word_1_187' title='bbox 1138 1853 1170 1903; x_wconf 80' lang='lat'><strong>15</strong></span> 
     </span>
    </p>

    <p class='ocr_par' dir='ltr' id='par_1_5' title="bbox 61 1932 1172 2370">
     <span class='ocr_line' id='line_1_21' title="bbox 61 1932 1117 2013; baseline 0.001 -21"><span class='ocrx_word' id='word_1_188' title='bbox 61 1952 88 1992; x_wconf 79' lang='lat' dir='ltr'><strong>so</strong></span> <span class='ocrx_word' id='word_1_189' title='bbox 103 1935 178 1994; x_wconf 93' lang='lat' dir='ltr'><strong>tium</strong></span> <span class='ocrx_word' id='word_1_190' title='bbox 201 1933 238 1994; x_wconf 92' lang='lat' dir='ltr'><strong>ab</strong></span> <span class='ocrx_word' id='word_1_191' title='bbox 256 1935 402 2013; x_wconf 82' lang='lat' dir='ltr'><strong>Antigono</strong></span> <span class='ocrx_word' id='word_1_192' title='bbox 426 1936 579 1995; x_wconf 87' lang='lat' dir='ltr'><strong>inventum</strong></span> <span class='ocrx_word' id='word_1_193' title='bbox 598 1932 634 1993; x_wconf 90' lang='lat' dir='ltr'><strong>ad</strong></span> <span class='ocrx_word' id='word_1_194' title='bbox 653 1951 771 1993; x_wconf 90' lang='lat' dir='ltr'><strong>omnem</strong></span> <span class='ocrx_word' id='word_1_195' title='bbox 791 1933 962 2012; x_wconf 90' lang='lat' dir='ltr'><strong>epiphoram</strong></span> <span class='ocrx_word' id='word_1_196' title='bbox 982 1941 1013 1994; x_wconf 89' lang='lat' dir='ltr'><strong>et</strong></span> <span class='ocrx_word' id='word_1_197' title='bbox 1031 1951 1117 1993; x_wconf 93' lang='lat' dir='ltr'><strong>omne</strong></span> 
     </span>
     <span class='ocr_line' id='line_1_22' title="bbox 103 2019 1118 2103; baseline -0.001 -22"><span class='ocrx_word' id='word_1_198' title='bbox 103 2024 209 2083; x_wconf 84' lang='lat' dir='ltr'><strong>vitium</strong></span> <span class='ocrx_word' id='word_1_199' title='bbox 233 2022 396 2103; x_wconf 91' lang='lat' dir='ltr'><strong>oculorum,</strong></span> <span class='ocrx_word' id='word_1_200' title='bbox 419 2025 528 2102; x_wconf 92' lang='lat' dir='ltr'><strong>accipit</strong></span> <span class='ocrx_word' id='word_1_201' title='bbox 550 2023 637 2082; x_wconf 90' lang='lat' dir='ltr'><strong>haec:</strong></span> <span class='ocrx_word' id='word_1_202' title='bbox 660 2021 783 2082; x_wconf 72' lang='lat' dir='ltr'><strong>acaciae</strong></span> <span class='ocrx_word' id='word_1_203' title='bbox 803 2021 827 2081; x_wconf 94' lang='lat' dir='ltr'>X</span> <span class='ocrx_word' id='word_1_204' title='bbox 847 2021 909 2101; x_wconf 85' lang='lat' dir='ltr'><strong>XX,</strong></span> <span class='ocrx_word' id='word_1_205' title='bbox 933 2020 1018 2081; x_wconf 89' lang='lat' dir='ltr'><strong>stibis</strong></span> <span class='ocrx_word' id='word_1_206' title='bbox 1037 2019 1063 2080; x_wconf 92' lang='lat' dir='ltr'>X</span> <span class='ocrx_word' id='word_1_207' title='bbox 1083 2019 1118 2102; x_wconf 91' lang='lat' dir='ltr'>X,</span> 
     </span>
     <span class='ocr_line' id='line_1_23' title="bbox 103 2107 1118 2192; baseline -0.004 -20"><span class='ocrx_word' id='word_1_208' title='bbox 103 2114 184 2172; x_wconf 86' lang='lat' dir='ltr'><strong>croci</strong></span> <span class='ocrx_word' id='word_1_209' title='bbox 212 2111 237 2171; x_wconf 90' lang='lat' dir='ltr'>X</span> <span class='ocrx_word' id='word_1_210' title='bbox 261 2111 274 2171; x_wconf 96' lang='lat' dir='ltr'>I</span> <span class='ocrx_word' id='word_1_211' title='bbox 298 2111 331 2192; x_wconf 87' lang='lat' dir='ltr'><strong>S,</strong></span> <span class='ocrx_word' id='word_1_212' title='bbox 359 2111 438 2172; x_wconf 89' lang='lat' dir='ltr'><strong>aloes</strong></span> <span class='ocrx_word' id='word_1_213' title='bbox 466 2110 491 2170; x_wconf 94' lang='lat' dir='ltr'>X</span> <span class='ocrx_word' id='word_1_214' title='bbox 515 2110 555 2191; x_wconf 93' lang='lat' dir='ltr'><strong>ll,</strong></span> <span class='ocrx_word' id='word_1_215' title='bbox 582 2129 702 2172; x_wconf 90' lang='lat' dir='ltr'><strong>murrae</strong></span> <span class='ocrx_word' id='word_1_216' title='bbox 727 2109 813 2192; x_wconf 92' lang='lat' dir='ltr'>XII,</span> <span class='ocrx_word' id='word_1_217' title='bbox 841 2109 972 2170; x_wconf 87' lang='lat' dir='ltr'><strong>cadmiae</strong></span> <span class='ocrx_word' id='word_1_218' title='bbox 997 2108 1022 2170; x_wconf 93' lang='lat' dir='ltr'>X</span> <span class='ocrx_word' id='word_1_219' title='bbox 1046 2107 1118 2190; x_wconf 94' lang='lat' dir='ltr'>VIII,</span> 
     </span>
     <span class='ocr_line' id='line_1_24' title="bbox 103 2197 1172 2280; baseline -0.005 -19"><span class='ocrx_word' id='word_1_220' title='bbox 103 2203 231 2261; x_wconf 89' lang='lat' dir='ltr'><strong>castorei</strong></span> <span class='ocrx_word' id='word_1_221' title='bbox 255 2203 401 2261; x_wconf 89' lang='lat' dir='ltr'><strong>victoriati</strong></span> <span class='ocrx_word' id='word_1_222' title='bbox 424 2200 497 2262; x_wconf 76' lang='lat' dir='ltr'><strong>ditas</strong></span> <span class='ocrx_word' id='word_1_223' title='bbox 520 2203 625 2261; x_wconf 89' lang='lat' dir='ltr'><strong>tertias</strong></span> <span class='ocrx_word' id='word_1_224' title='bbox 649 2208 758 2280; x_wconf 90' lang='lat' dir='ltr'><strong>partes,</strong></span> <span class='ocrx_word' id='word_1_225' title='bbox 781 2201 842 2279; x_wconf 89' lang='lat' dir='ltr'><strong>opii</strong></span> <span class='ocrx_word' id='word_1_226' title='bbox 859 2198 926 2278; x_wconf 93' lang='lat' dir='ltr'>XI,</span> <span class='ocrx_word' id='word_1_227' title='bbox 948 2197 1017 2278; x_wconf 88' lang='lat' dir='ltr'><strong>lyr-ii</strong></span> <span class='ocrx_word' id='word_1_228' title='bbox 1038 2197 1063 2258; x_wconf 91' lang='lat' dir='ltr'>X</span> <span class='ocrx_word' id='word_1_229' title='bbox 1082 2197 1117 2278; x_wconf 97' lang='lat' dir='ltr'><strong>II,</strong></span> <span class='ocrx_word' id='word_1_230' title='bbox 1167 2204 1172 2208; x_wconf 84' lang='grc'>’</span> 
     </span>
     <span class='ocr_line' id='line_1_25' title="bbox 103 2287 1117 2370; baseline -0.002 -21"><span class='ocrx_word' id='word_1_231' title='bbox 103 2291 181 2350; x_wconf 90' lang='lat' dir='ltr'><strong>aeris</strong></span> <span class='ocrx_word' id='word_1_232' title='bbox 209 2292 270 2350; x_wconf 91' lang='lat' dir='ltr'><strong>usti</strong></span> <span class='ocrx_word' id='word_1_233' title='bbox 298 2288 324 2349; x_wconf 91' lang='lat' dir='ltr'>X</span> <span class='ocrx_word' id='word_1_234' title='bbox 348 2288 427 2370; x_wconf 95' lang='lat' dir='ltr'>VIII,</span> <span class='ocrx_word' id='word_1_235' title='bbox 455 2308 593 2350; x_wconf 88' lang='lat' dir='ltr'><strong>cerussae</strong></span> <span class='ocrx_word' id='word_1_236' title='bbox 622 2287 737 2367; x_wconf 87' lang='lat' dir='ltr'>XIIII,</span> <span class='ocrx_word' id='word_1_237' title='bbox 766 2288 851 2349; x_wconf 91' lang='lat' dir='ltr'><strong>nardi</strong></span> <span class='ocrx_word' id='word_1_238' title='bbox 880 2289 978 2368; x_wconf 90' lang='lat' dir='ltr'><strong>spicae</strong></span> <span class='ocrx_word' id='word_1_239' title='bbox 1002 2287 1028 2348; x_wconf 94' lang='lat' dir='ltr'>X</span> <span class='ocrx_word' id='word_1_240' title='bbox 1050 2287 1063 2348; x_wconf 99' lang='lat' dir='ltr'>I</span> <span class='ocrx_word' id='word_1_241' title='bbox 1085 2295 1117 2347; x_wconf 91' lang='lat' dir='ltr'><strong>et</strong></span> 
     </span>
    </p>

    <p class='ocr_par' dir='ltr' id='par_1_6' title="bbox 62 2377 1169 2814">
     <span class='ocr_line' id='line_1_26' title="bbox 62 2377 1117 2460; baseline 0.002 -25"><span class='ocrx_word' id='word_1_242' title='bbox 62 2380 207 2438; x_wconf 75' lang='lat' dir='ltr'><strong>solertias</strong></span> <span class='ocrx_word' id='word_1_243' title='bbox 231 2381 309 2456; x_wconf 91' lang='lat' dir='ltr'><strong>eius,</strong></span> <span class='ocrx_word' id='word_1_244' title='bbox 333 2380 459 2439; x_wconf 90' lang='lat' dir='ltr'><strong>cummis</strong></span> <span class='ocrx_word' id='word_1_245' title='bbox 482 2377 594 2460; x_wconf 91' lang='lat' dir='ltr'>XXX,</span> <span class='ocrx_word' id='word_1_246' title='bbox 623 2377 786 2457; x_wconf 91' lang='lat' dir='ltr'><strong>palmarum</strong></span> <span class='ocrx_word' id='word_1_247' title='bbox 810 2396 876 2438; x_wconf 93' lang='lat' dir='ltr'><strong>ossa</strong></span> <span class='ocrx_word' id='word_1_248' title='bbox 905 2380 966 2438; x_wconf 88' lang='lat' dir='ltr'><strong>sive</strong></span> <span class='ocrx_word' id='word_1_249' title='bbox 994 2377 1117 2438; x_wconf 86' lang='lat' dir='ltr'><strong>nucleos</strong></span> 
     </span>
     <span class='ocr_line' id='line_1_27' title="bbox 103 2465 1115 2547; baseline -0.001 -20"><span class='ocrx_word' id='word_1_250' title='bbox 103 2475 186 2527; x_wconf 90' lang='lat' dir='ltr'><strong>ustos</strong></span> <span class='ocrx_word' id='word_1_251' title='bbox 210 2466 235 2527; x_wconf 94' lang='lat' dir='ltr'>X</span> <span class='ocrx_word' id='word_1_252' title='bbox 259 2465 353 2547; x_wconf 94' lang='lat' dir='ltr'>XXX,</span> <span class='ocrx_word' id='word_1_253' title='bbox 380 2469 450 2528; x_wconf 90' lang='lat' dir='ltr'><strong>trita</strong></span> <span class='ocrx_word' id='word_1_254' title='bbox 472 2467 545 2529; x_wconf 91' lang='lat' dir='ltr'><strong>haec</strong></span> <span class='ocrx_word' id='word_1_255' title='bbox 569 2486 605 2528; x_wconf 86' lang='lat' dir='ltr'><strong>ex</strong></span> <span class='ocrx_word' id='word_1_256' title='bbox 628 2486 703 2547; x_wconf 90' lang='lat' dir='ltr'><strong>aqua</strong></span> <span class='ocrx_word' id='word_1_257' title='bbox 726 2466 884 2546; x_wconf 87' lang='lat' dir='ltr'><strong>pluviatiea</strong></span> <span class='ocrx_word' id='word_1_258' title='bbox 908 2467 1115 2528; x_wconf 85' lang='lat' dir='ltr'><strong>coniiciuntur.</strong></span> 
     </span>
     <span class='ocr_line' id='line_1_28' title="bbox 103 2554 1169 2638; baseline 0 -24"><span class='ocrx_word' id='word_1_259' title='bbox 103 2554 306 2617; x_wconf 87' lang='lat' dir='ltr'><strong>Monemerum</strong></span> <span class='ocrx_word' id='word_1_260' title='bbox 329 2555 484 2636; x_wconf 90' lang='lat' dir='ltr'><strong>collyrium</strong></span> <span class='ocrx_word' id='word_1_261' title='bbox 507 2557 625 2638; x_wconf 92' lang='lat' dir='ltr'><strong>dicitur,</strong></span> <span class='ocrx_word' id='word_1_262' title='bbox 649 2556 728 2636; x_wconf 92' lang='lat' dir='ltr'><strong>quod</strong></span> <span class='ocrx_word' id='word_1_263' title='bbox 748 2555 865 2617; x_wconf 90' lang='lat' dir='ltr'><strong>dolores</strong></span> <span class='ocrx_word' id='word_1_264' title='bbox 884 2557 915 2616; x_wconf 92' lang='lat' dir='ltr'><strong>in</strong></span> <span class='ocrx_word' id='word_1_265' title='bbox 935 2557 1039 2634; x_wconf 92' lang='lat' dir='ltr'><strong>inpetu</strong></span> <span class='ocrx_word' id='word_1_266' title='bbox 1059 2563 1115 2615; x_wconf 92' lang='lat' dir='ltr'><strong>sta·</strong></span> <span class='ocrx_word' id='word_1_267' title='bbox 1137 2563 1169 2614; x_wconf 80' lang='grc'><strong>16</strong></span> 
     </span>
     <span class='ocr_line' id='line_1_29' title="bbox 103 2644 1116 2728; baseline 0 -24"><span class='ocrx_word' id='word_1_268' title='bbox 103 2646 156 2706; x_wconf 91' lang='lat' dir='ltr'><strong>tim</strong></span> <span class='ocrx_word' id='word_1_269' title='bbox 180 2645 266 2728; x_wconf 90' lang='lat' dir='ltr'><strong>tollit,</strong></span> <span class='ocrx_word' id='word_1_270' title='bbox 290 2645 447 2706; x_wconf 88' lang='lat' dir='ltr'><strong>conficitur</strong></span> <span class='ocrx_word' id='word_1_271' title='bbox 471 2648 530 2707; x_wconf 91' lang='lat' dir='ltr'><strong>sic:</strong></span> <span class='ocrx_word' id='word_1_272' title='bbox 560 2645 688 2724; x_wconf 86' lang='lat' dir='ltr'><strong>Lepidae</strong></span> <span class='ocrx_word' id='word_1_273' title='bbox 710 2678 746 2689; x_wconf 93' lang='lat'>-</span> <span class='ocrx_word' id='word_1_274' title='bbox 768 2644 791 2724; x_wconf 95' lang='lat' dir='ltr'><strong>I,</strong></span> <span class='ocrx_word' id='word_1_275' title='bbox 814 2646 891 2705; x_wconf 90' lang='lat' dir='ltr'><strong>aeris</strong></span> <span class='ocrx_word' id='word_1_276' title='bbox 915 2645 975 2704; x_wconf 91' lang='lat' dir='ltr'><strong>usti</strong></span> <span class='ocrx_word' id='word_1_277' title='bbox 999 2662 1116 2705; x_wconf 91' lang='lat' dir='ltr'><strong>semun-</strong></span> 
     </span>
     <span class='ocr_line' id='line_1_30' title="bbox 103 2732 1115 2814; baseline -0.001 -21"><span class='ocrx_word' id='word_1_278' title='bbox 103 2735 187 2814; x_wconf 90' lang='lat' dir='ltr'><strong>ciam,</strong></span> <span class='ocrx_word' id='word_1_279' title='bbox 210 2734 377 2795; x_wconf 89' lang='lat' dir='ltr'><strong>haematitis</strong></span> <span class='ocrx_word' id='word_1_280' title='bbox 396 2767 440 2776; x_wconf 95' lang='lat'>—</span> <span class='ocrx_word' id='word_1_281' title='bbox 458 2733 485 2812; x_wconf 94' lang='lat' dir='ltr'><strong>I,</strong></span> <span class='ocrx_word' id='word_1_282' title='bbox 508 2751 624 2811; x_wconf 91' lang='lat' dir='ltr'><strong>myrrae</strong></span> <span class='ocrx_word' id='word_1_283' title='bbox 639 2765 683 2776; x_wconf 95' lang='lat'><strong>—-</strong></span> <span class='ocrx_word' id='word_1_284' title='bbox 697 2732 723 2813; x_wconf 94' lang='lat' dir='ltr'><strong>I,</strong></span> <span class='ocrx_word' id='word_1_285' title='bbox 746 2734 808 2811; x_wconf 92' lang='lat' dir='ltr'><strong>opii</strong></span> <span class='ocrx_word' id='word_1_286' title='bbox 826 2733 1016 2811; x_wconf 91' lang='lat' dir='ltr'><strong>semunciam,</strong></span> <span class='ocrx_word' id='word_1_287' title='bbox 1035 2751 1115 2792; x_wconf 90' lang='lat' dir='ltr'><strong>cum-</strong></span> 
     </span>
    </p>

    <p class='ocr_par' dir='ltr' id='par_1_7' title="bbox 62 2818 1168 3169">
     <span class='ocr_line' id='line_1_31' title="bbox 62 2818 1117 2898; baseline 0.002 -19"><span class='ocrx_word' id='word_1_288' title='bbox 62 2838 88 2879; x_wconf 81' lang='lat' dir='ltr'><strong>ao</strong></span> <span class='ocrx_word' id='word_1_289' title='bbox 103 2824 159 2882; x_wconf 91' lang='lat' dir='ltr'><strong>mis</strong></span> <span class='ocrx_word' id='word_1_290' title='bbox 187 2825 382 2884; x_wconf 89' lang='lat' dir='ltr'><strong>semunciam:</strong></span> <span class='ocrx_word' id='word_1_291' title='bbox 413 2839 506 2880; x_wconf 91' lang='lat' dir='ltr'><strong>unum</strong></span> <span class='ocrx_word' id='word_1_292' title='bbox 533 2820 590 2878; x_wconf 92' lang='lat' dir='ltr'><strong>hoc</strong></span> <span class='ocrx_word' id='word_1_293' title='bbox 618 2818 773 2898; x_wconf 88' lang='lat' dir='ltr'><strong>collyrium</strong></span> <span class='ocrx_word' id='word_1_294' title='bbox 795 2819 971 2879; x_wconf 91' lang='lat' dir='ltr'><strong>mirabiliter</strong></span> <span class='ocrx_word' id='word_1_295' title='bbox 994 2820 1117 2897; x_wconf 91' lang='lat' dir='ltr'><strong>prodest</strong></span> 
     </span>
     <span class='ocr_line' id='line_1_32' title="bbox 102 2905 1116 2991; baseline -0.005 -21"><span class='ocrx_word' id='word_1_296' title='bbox 102 2910 158 2990; x_wconf 93' lang='lat' dir='ltr'><strong>his,</strong></span> <span class='ocrx_word' id='word_1_297' title='bbox 186 2914 238 2991; x_wconf 88' lang='lat' dir='ltr'><strong>qui</strong></span> <span class='ocrx_word' id='word_1_298' title='bbox 261 2912 417 2973; x_wconf 83' lang='lat' dir='ltr'><strong>cleatrIces</strong></span> <span class='ocrx_word' id='word_1_299' title='bbox 441 2926 500 2968; x_wconf 93' lang='lat' dir='ltr'><strong>non</strong></span> <span class='ocrx_word' id='word_1_300' title='bbox 524 2905 744 2987; x_wconf 67' lang='lat' dir='ltr'><strong>habebuntur</strong></span> <span class='ocrx_word' id='word_1_301' title='bbox 772 2923 827 2965; x_wconf 83' lang='lat' dir='ltr'><strong>ovo</strong></span> <span class='ocrx_word' id='word_1_302' title='bbox 850 2907 983 2965; x_wconf 88' lang='lat' dir='ltr'><strong>inlusum</strong></span> <span class='ocrx_word' id='word_1_303' title='bbox 1007 2916 1037 2967; x_wconf 91' lang='lat' dir='ltr'><strong>et</strong></span> <span class='ocrx_word' id='word_1_304' title='bbox 1059 2906 1116 2966; x_wconf 90' lang='lat' dir='ltr'><strong>levi</strong></span> 
     </span>
     <span class='ocr_line' id='line_1_33' title="bbox 102 2993 1168 3080; baseline -0.005 -21"><span class='ocrx_word' id='word_1_305' title='bbox 102 2999 259 3061; x_wconf 89' lang='lat' dir='ltr'><strong>admodum</strong></span> <span class='ocrx_word' id='word_1_306' title='bbox 283 3001 442 3080; x_wconf 82' lang='lat' dir='ltr'><strong>agitatione</strong></span> <span class='ocrx_word' id='word_1_307' title='bbox 467 2994 637 3057; x_wconf 85' lang='lat' dir='ltr'><strong>contritum.</strong></span> <span class='ocrx_word' id='word_1_308' title='bbox 682 2993 726 3054; x_wconf 82' lang='lat' dir='ltr'><strong>Ad</strong></span> <span class='ocrx_word' id='word_1_309' title='bbox 750 2993 929 3054; x_wconf 81' lang='lat' dir='ltr'><strong>suffusiones</strong></span> <span class='ocrx_word' id='word_1_310' title='bbox 952 2993 1116 3074; x_wconf 92' lang='lat' dir='ltr'><strong>oculorum,</strong></span> <span class='ocrx_word' id='word_1_311' title='bbox 1137 3004 1168 3054; x_wconf 81' lang='grc'><strong>17</strong></span> 
     </span>
     <span class='ocr_line' id='line_1_34' title="bbox 103 3081 1117 3169; baseline -0.007 -20"><span class='ocrx_word' id='word_1_312' title='bbox 103 3106 176 3166; x_wconf 89' lang='lat' dir='ltr'><strong>quas</strong></span> <span class='ocrx_word' id='word_1_313' title='bbox 191 3089 297 3150; x_wconf 87' lang='lat' dir='ltr'><strong>Graeci</strong></span> <span class='ocrx_word' id='word_1_314' title='bbox 315 3087 528 3169; x_wconf 88' lang='lat' dir='ltr'><strong>hypochymata</strong></span> <span class='ocrx_word' id='word_1_315' title='bbox 544 3085 660 3146; x_wconf 91' lang='lat' dir='ltr'><strong>dicunt:</strong></span> <span class='ocrx_word' id='word_1_316' title='bbox 679 3082 813 3144; x_wconf 87' lang='lat' dir='ltr'><strong>Feniculi</strong></span> <span class='ocrx_word' id='word_1_317' title='bbox 828 3083 892 3142; x_wconf 91' lang='lat' dir='ltr'><strong>suci</strong></span> <span class='ocrx_word' id='word_1_318' title='bbox 907 3081 1011 3160; x_wconf 87' lang='lat' dir='ltr'><strong>liquidi</strong></span> <span class='ocrx_word' id='word_1_319' title='bbox 1028 3082 1054 3142; x_wconf 93' lang='lat' dir='ltr'>X</span> <span class='ocrx_word' id='word_1_320' title='bbox 1067 3081 1117 3163; x_wconf 93' lang='lat' dir='ltr'>III,</span> 
     </span>
    </p>
   </div>
   <div class='ocr_carea' id='block_1_3' title="bbox 102 3169 1116 3259">
    <p class='ocr_par' dir='ltr' id='par_1_8' title="bbox 102 3169 1116 3259">
     <span class='ocr_line' id='line_1_35' title="bbox 102 3169 1116 3259; baseline -0.006 -23"><span class='ocrx_word' id='word_1_321' title='bbox 102 3176 285 3256; x_wconf 89' lang='lat' dir='ltr'><strong>opobalsami</strong></span> <span class='ocrx_word' id='word_1_322' title='bbox 314 3177 339 3237; x_wconf 94' lang='lat' dir='ltr'>X</span> <span class='ocrx_word' id='word_1_323' title='bbox 362 3177 416 3259; x_wconf 96' lang='grc' dir='ltr'><strong>ΙΙΙ</strong></span> <span class='ocrx_word' id='word_1_324' title='bbox 444 3175 541 3237; x_wconf 91' lang='lat' dir='ltr'><strong>mellis</strong></span> <span class='ocrx_word' id='word_1_325' title='bbox 564 3174 655 3236; x_wconf 80' lang='lat' dir='ltr'><strong>Attici</strong></span> <span class='ocrx_word' id='word_1_326' title='bbox 679 3171 780 3254; x_wconf 90' lang='lat' dir='ltr'>XIII,</span> <span class='ocrx_word' id='word_1_327' title='bbox 808 3172 865 3233; x_wconf 89' lang='lat' dir='ltr'><strong>olei</strong></span> <span class='ocrx_word' id='word_1_328' title='bbox 893 3171 995 3232; x_wconf 84' lang='lat' dir='ltr'><strong>viridis</strong></span> <span class='ocrx_word' id='word_1_329' title='bbox 1019 3169 1044 3230; x_wconf 92' lang='lat' dir='ltr'>X</span> <span class='ocrx_word' id='word_1_330' title='bbox 1068 3170 1116 3251; x_wconf 95' lang='lat' dir='ltr'>III,</span> 
     </span>
    </p>
   </div>
   <div class='ocr_carea' id='block_1_4' title="bbox 102 3307 1132 3450">
    <p class='ocr_par' dir='ltr' id='par_1_9' title="bbox 102 3307 1132 3450">
     <span class='ocr_line' id='line_1_36' title="bbox 176 3307 1117 3380; baseline -0.003 -14"><span class='ocrx_word' id='word_1_331' title='bbox 176 3319 209 3368; x_wconf 91' lang='lat'><strong>10</strong></span> <span class='ocrx_word' id='word_1_332' title='bbox 229 3313 368 3380; x_wconf 80' lang='lat' dir='ltr'><strong>emabibis,</strong></span> <span class='ocrx_word' id='word_1_333' title='bbox 386 3315 451 3368; x_wconf 83' lang='lat' dir='ltr'><strong>item</strong></span> <span class='ocrx_word' id='word_1_334' title='bbox 469 3316 512 3368; x_wconf 75' lang='lat'><strong>29.</strong></span> <span class='ocrx_word' id='word_1_335' title='bbox 596 3315 629 3364; x_wconf 79' lang='lat'><strong>18</strong></span> <span class='ocrx_word' id='word_1_336' title='bbox 648 3309 715 3365; x_wconf 90' lang='lat' dir='ltr'><strong>licii.</strong></span> <span class='ocrx_word' id='word_1_337' title='bbox 787 3307 905 3378; x_wconf 87' lang='lat' dir='ltr'><strong>peperis.</strong></span> <span class='ocrx_word' id='word_1_338' title='bbox 980 3313 1014 3363; x_wconf 84' lang='lat'><strong>14</strong></span> <span class='ocrx_word' id='word_1_339' title='bbox 1033 3307 1117 3380; x_wconf 85' lang='lat' dir='ltr'><strong>aridi]</strong></span> 
     </span>
     <span class='ocr_line' id='line_1_37' title="bbox 102 3379 1132 3450; baseline -0.008 -13"><span class='ocrx_word' id='word_1_340' title='bbox 102 3387 132 3437; x_wconf 84' lang='lat' dir='ltr'><strong>et</strong></span> <span class='ocrx_word' id='word_1_341' title='bbox 150 3385 218 3438; x_wconf 86' lang='lat' dir='ltr'><strong>erui.</strong></span> <span class='ocrx_word' id='word_1_342' title='bbox 287 3383 454 3439; x_wconf 82' lang='lat' dir='ltr'><strong>hamoniaci.</strong></span> <span class='ocrx_word' id='word_1_343' title='bbox 520 3387 553 3436; x_wconf 83' lang='lat'><strong>19</strong></span> <span class='ocrx_word' id='word_1_344' title='bbox 572 3381 686 3450; x_wconf 80' lang='lat' dir='ltr'><strong>oportit.</strong></span> <span class='ocrx_word' id='word_1_345' title='bbox 754 3379 945 3437; x_wconf 74' lang='lat' dir='ltr'><strong>theudobium</strong></span> <span class='ocrx_word' id='word_1_346' title='bbox 1010 3387 1053 3434; x_wconf 59' lang='lat' dir='ltr'><strong>“im</strong></span> <span class='ocrx_word' id='word_1_347' title='bbox 1067 3385 1132 3433; x_wconf 57' lang='lat' dir='ltr'><strong>&amp;ea-</strong></span> 
     </span>
    </p>
   </div>
   <div class='ocr_carea' id='block_1_5' title="bbox 101 3453 649 3526">
    <p class='ocr_par' dir='ltr' id='par_1_10' title="bbox 101 3453 649 3526">
     <span class='ocr_line' id='line_1_38' title="bbox 101 3453 649 3526; baseline 0.002 -19"><span class='ocrx_word' id='word_1_348' title='bbox 101 3453 193 3509; x_wconf 71' lang='grc'><strong>111111</strong></span> <span class='ocrx_word' id='word_1_349' title='bbox 212 3454 293 3524; x_wconf 82' lang='lat' dir='ltr'><strong>lycie.</strong></span> <span class='ocrx_word' id='word_1_350' title='bbox 367 3460 400 3510; x_wconf 76' lang='grc'><strong>38</strong></span> <span class='ocrx_word' id='word_1_351' title='bbox 418 3454 649 3526; x_wconf 83' lang='lat' dir='ltr'><strong>hyposchemata</strong></span> 
     </span>
    </p>
   </div>
   <div class='ocr_carea' id='block_1_6' title="bbox 0 0 1224 3802">
    <p class='ocr_par' dir='ltr' id='par_1_11' title="bbox 0 0 1224 3802">
     <span class='ocr_line' id='line_1_39' title="bbox 0 0 1224 3802; baseline 0 3"><span class='ocrx_word' id='word_1_352' title='bbox 0 0 1224 3802; x_wconf 95' lang='lat' dir='ltr'><strong> </strong></span> 
     </span>
    </p>
   </div>
  </div>
 </body>
</html>
