2438 3802
527 147 746 212 ...94-

544 326 623 387 CAP.
647 326 733 387 Vllll.

200 440 254 495 Ad
277 439 412 494 aurium
435 439 571 496 dolores
593 438 773 494 univorsos
798 441 833 494 ot
855 438 938 494 vitia
962 438 1074 494 omnio

498 531 533 583 et
555 528 775 596 surdiginom.

96 679 110 727 1
219 665 308 725 fellis
332 666 446 743 caprini
465 657 545 750 21,
569 664 665 724 mellis
686 657 725 750 β
746 663 758 723 1
782 672 919 724 conteres
939 667 1018 724 etin
1038 666 1146 744 strigili

130 755 283 815 calefacies
307 762 336 815 et
359 753 498 814 infundes
525 761 555 814 et
578 753 644 813 lana
668 753 807 814 occludes
831 772 942 813 aurem.
984 752 1064 813 Nihil
1087 754 1145 815 hoc

129 845 322 903 medicamine
347 844 498 921 potentius
521 861 618 921 neque
642 845 768 922 certius,
796 843 885 902 etiam
909 845 934 901 si
961 844 1145 904 intrinsecus

94 945 109 993 2
130 934 352 992 couceraveriut
373 950 468 992 aures.
502 931 612 992 Porros
631 933 770 1011 virgines,
793 931 823 991 id
843 939 890 990 est
908 950 968 991 non
986 931 1144 1013 plantatos,

129 1023 227 1099 inpari
249 1039 374 1081 numero
398 1029 428 1081 et
446 1020 609 1081 lumbricos
629 1027 765 1081 terrenos
784 1022 882 1099 inpari
902 1038 1025 1081 numero
1045 1023 1172 1099 copiosa

125 1118 155 1170 et
183 1109 271 1170 simul
300 1129 337 1170 ex
366 1109 430 1170 oleo
454 1112 566 1188 optimo
591 1109 627 1169 ad
651 1111 755 1169 tertias
784 1109 933 1188 decoques
957 1118 987 1169 et
1010 1110 1145 1188 tepidum

93 1199 198 1261 ainde
227 1199 306 1278 quod
335 1199 462 1259 sufficiat
488 1197 628 1258 infundes
656 1197 816 1258 auriculae.
861 1197 952 1258 Laser
976 1216 1043 1259 cum
1068 1198 1145 1259 lacte

129 1306 261 1367 capruno
284 1290 401 1349 incocto
424 1289 539 1348 recenti
563 1285 703 1348 miscebis
731 1294 762 1347 et
789 1287 858 1347 iude
883 1305 970 1348 aures
993 1289 1077 1365 prius
1102 1288 1144 1348 di-

128 1377 193 1438 lues
221 1397 254 1438 ao
282 1386 385 1457 postea
413 1377 452 1437 fel
479 1379 631 1437 taurinum
659 1384 690 1437 et
721 1375 819 1436 oleum
853 1376 1007 1436 cedrinum
1040 1379 1144 1456 aequis

128 1465 316 1545 portionibus
334 1468 460 1526 mixtum
478 1475 584 1544 tepens
602 1465 755 1526 infundes:
774 1465 831 1525 hoc
847 1464 964 1525 dolores
979 1468 1053 1526 mire
1068 1465 1142 1526 mul·
1159 1480 1184 1518 10

129 1564 176 1616 oet
200 1564 229 1615 et
253 1554 376 1615 dubium
399 1554 534 1615 auditum
557 1554 713 1614 confirmat
732 1561 762 1614 et
780 1572 837 1632 pus
856 1553 1013 1614 collectum
1033 1573 1144 1633 expur-

93 1652 185 1722 4gat.
228 1643 424 1703 Coriendrum
447 1642 541 1702 viride
565 1649 646 1702 teres
675 1651 704 1702 et
731 1645 762 1702 iu
791 1645 852 1702 vini
875 1643 979 1721 cyatho
1003 1643 1144 1704 miscebis

129 1741 159 1792 et
182 1731 292 1792 celabis
316 1739 346 1792 et
368 1731 433 1791 lana
457 1730 538 1791 molli
556 1732 587 1790 iu
607 1749 710 1790 aurem
728 1730 886 1792 instillabis
906 1739 936 1792 et
955 1731 1057 1792 eadem
1077 1732 1144 1792 lana
1206 1742 1208 1746 '

93 1820 267 1882 substrues
291 1839 401 1880 aurem.
433 1820 478 1880 Ad
502 1838 599 1900 aures,
623 1837 698 1898 quae
722 1822 851 1897 graviter
874 1820 975 1881 dolent
994 1829 1024 1881 et
1042 1830 1143 1882 vetera

129 1908 250 1968 vulnera
278 1911 458 1971 intrinsecus
486 1908 609 1984 habent,
641 1907 738 1968 mellis
766 1911 870 1987 optimi
898 1928 987 1970 unam
1017 1919 1142 1991 partem,
1157 1924 1184 1964 15

128 2000 205 2058 aceti
232 2001 371 2059 acerrimi
397 1999 471 2060 duas
498 2006 599 2078 partes
628 1998 768 2059 confusas
796 1998 945 2078 decoques
973 1999 1143 2060 fervoribus

129 2087 225 2148 tribus
253 2096 283 2150 et
310 2089 426 2167 longius
450 2107 484 2149 ea
507 2087 543 2148 ab
567 2090 635 2167 igne
659 2086 833 2168 removebis
857 2087 952 2148 donec
976 2097 1142 2149 commotus

128 2178 227 2238 fervor
245 2180 449 2257 conquiescat;
472 2185 536 2238 tum
559 2179 672 2237 nitrum
696 2176 840 2236 addesco
860 2194 965 2256 usque,
989 2177 1083 2238 donec
1105 2196 1142 2237 ex

127 2284 235 2344 vapore
257 2283 397 2344 agnoscas
421 2269 533 2326 nitrum
557 2265 705 2325 resedisse
732 2265 894 2325 etiterum
918 2265 978 2325 leni
1001 2267 1069 2344 igne
1094 2285 1141 2327 re-

128 2372 250 2433 coques,
278 2372 315 2413 ne
339 2353 491 2434 efferveat3
518 2361 591 2413 tunc
619 2353 709 2413 addes
732 2352 772 2413 fel
795 2352 943 2414 hircinum
968 2354 1014 2415 vel
1037 2373 1141 2433 capru-
1156 2368 1183 2407 20

54 2446 59 2456 '
127 2458 198 2500 num
222 2441 267 2500 vel
291 2443 442 2501 verrinum
466 2449 517 2502 aut
540 2443 710 2522 porcinum,
738 2441 809 2502 dum
833 2461 891 2503 non
916 2443 952 2503 de
977 2444 1087 2524 scrofa,
1111 2452 1142 2505 et

128 2528 327 2589 commovebis
355 2538 385 2590 et
413 2531 522 2590 iterum
553 2548 722 2609 concoques
755 2549 788 2592 ac
817 2532 977 2611 tepefacies
1010 2541 1040 2594 et
1071 2533 1141 2593 inde

92 2631 107 2680 o
128 2625 271 2696 quantum
295 2619 367 2678 satis
390 2626 437 2679 est
459 2617 581 2679 auribus
604 2618 736 2678 infunde.
773 2620 872 2699 Adeps
896 2640 1035 2682 ranarum
1058 2621 1139 2699 palu·

128 2708 235 2767 strium
261 2706 420 2786 liquefacta
449 2709 475 2767 si
502 2715 607 2786 tepens
634 2709 777 2768 inaures
805 2710 993 2791 infundatur,
1021 2708 1140 2770 dolores

93 2809 107 2856 r
127 2797 235 2856 nimios
258 2795 412 2876 mitigabit.
444 2795 534 2857 Dolor
553 2798 670 2858 aurium
690 2796 811 2858 sedatur
832 2802 920 2859 etiam
939 2801 1044 2860 canino
1064 2799 1140 2859 lacte
1155 2811 1181 2851 25

91 2898 107 2947 8
128 2893 157 2946 et
181 2887 293 2966 ursino,
317 2887 343 2946 si
365 2904 471 2948 recens
494 2885 664 2948 instilletur.
711 2885 836 2948 Terreni
859 2906 975 2948 vermes
999 2907 1067 2948 cum
1091 2907 1142 2948 an-

127 2977 202 3036 seris
235 2976 320 3055 adipe
353 2975 399 3036 vel
431 2995 499 3038 cum
530 2975 595 3037 oleo
624 2976 741 3037 decocti
769 2978 832 3037 sine
861 2976 950 3037 dubio
983 2977 1142 3038 medentur

91 3076 106 3125 9
127 3063 249 3125 auribus
268 3065 444 3144 purulentis.
467 3064 559 3126 Urina
577 3067 642 3144 apri
661 3073 798 3125 servatur
816 3067 847 3124 in
862 3068 947 3145 vitro,
967 3065 1018 3126 sed
1033 3066 1141 3126 melius

126 3171 195 3214 oum
219 3155 315 3214 vesica
338 3157 442 3234 ipsius,
466 3153 612 3232 quomodo
637 3156 664 3214 ei
683 3153 798 3214 sublata
816 3154 919 3232 fuerit3
943 3153 1015 3214 baec
1035 3163 1141 3233 tepens

75 3253 107 3302 10
126 3242 224 3302 infusa
247 3242 370 3303 auribus
393 3245 480 3302 unice
504 3241 634 3320 prodest.
679 3241 825 3303 Bestiolae
848 3242 1040 3322 multipedes,
1064 3262 1139 3322 quae
1154 3256 1181 3295 ³0

198 3382 213 3430 2
232 3375 362 3431 infundes
380 3376 410 3429 in
429 3376 495 3429 lena
512 3377 542 3430 61
560 3375 703 3430 obcludes.
776 3382 793 3430 4
811 3376 937 3446 virginis.
1011 3381 1027 3431 b
1045 3378 1139 3448 capies

126 3462 176 3501 om.
248 3452 281 3501 16
299 3447 468 3516 dequoques.
532 3452 567 3501 20
586 3445 730 3503 efferveat.
796 3449 961 3520 caprunum]
981 3465 1139 3519 aprugnum

128 3515 286 3572 Omnariuo.
359 3518 529 3572 2111111666.
603 3521 637 3571 26
656 3516 723 3572 fote.
