2438 3802
514 154 730 219 -23-

116 321 261 381 matioues
284 319 544 396 inportunissimas
568 318 688 397 iaciunt,
709 334 784 394 quae
808 315 921 377 adiecta
941 318 1033 379 calida
1053 337 1128 398 aqua

117 408 242 487 amplius
265 424 387 467 necesse
408 414 453 467 est
472 408 648 466 excitentur.
681 404 753 465 lnde
773 423 844 483 ergo
864 415 967 467 venter
986 407 1128 488 durescit,

52 497 58 503 “
116 497 237 558 inflatur
255 495 365 575 pulmo,
385 494 469 573 splen
488 494 677 570 distenditur,
698 496 806 573 pinuae
826 499 915 554 etiam
934 497 1042 556 iecoris
1061 514 1128 574 por·

115 587 267 665 rigantur,
296 583 404 664 quibus
432 591 658 662 coangustatum
684 591 714 643 et
737 589 902 643 coartatum
925 584 965 644 fel
989 586 1127 662 exprimi·

87 683 178 754 rtur,
202 692 260 753 quo
284 673 382 734 infuso
406 674 553 751 tinguitur
575 691 683 751 eorpus
703 680 733 732 et
751 672 783 732 fit
801 671 924 733 luteum.
964 672 1038 733 Cum
1057 690 1128 751 ergo
1147 682 1163 731 6

114 765 286 842 pervenerit
317 762 353 822 ad
383 779 418 821 ea
445 761 508 821 loca
536 779 691 840 venarum,
723 762 754 820 in
786 778 861 839 quae
888 761 995 840 pocula
1015 760 1128 822 'hausta

115 851 313 930 descendunt,
341 850 400 910 duo
425 848 499 910 mala
521 851 635 929 iuncta,
665 849 694 910 id
723 857 770 909 est
792 867 841 909 res
865 852 942 911 acris
965 869 999 912 ac
1023 850 1128 927 dulcis,

116 943 176 1000 cito
207 939 345 1000 auferunt
372 940 512 1017 animam;
546 940 633 998 sicuti
661 946 813 1018 petrarum
839 938 1007 1000 umidarum
1035 939 1127 1000 sudor

114 1030 177 1108 igni
206 1027 357 1089 subiectus
385 1029 444 1088 cito
473 1026 650 1088 absorbetur
674 1027 710 1087 ab
733 1029 808 1108 igni,
831 1036 916 1105 petra
939 1037 1039 1090 autem
1063 1030 1127 1106 ipsa

75 1144 101 1184 ιο
115 1125 219 1178 exusta
239 1125 269 1178 et
286 1124 473 1177 concremata
494 1116 614 1195 slongea
638 1117 778 1196 efficitur,
802 1116 881 1176 unde
905 1117 968 1177 calx
992 1117 1038 1177 rel
1057 1135 1127 1196 gyp-

114 1225 180 1267 sum
203 1206 369 1266 coniicitur.
405 1204 448 1265 lta
472 1204 569 1265 calore
593 1204 720 1265 febrium
739 1207 917 1284 excoquitur
935 1208 1040 1266 vitium
1060 1224 1126 1266 cru·

115 1295 214 1356 ditatis
234 1294 428 1372 ciborumque
448 1297 609 1372 congestio.
634 1293 749 1364 Quibus
768 1297 953 1372 consumptis
968 1303 998 1355 et
1013 1296 1126 1355 exustis

115 1383 220 1461 lrigida
243 1385 307 1443 sine
331 1382 421 1443 dubio
446 1381 688 1461 superfundendo
707 1389 761 1463 est,
785 1399 822 1442 ne
841 1385 960 1461 penitus
982 1391 1126 1444 arescant.

113 1471 187 1532 Nam
210 1473 351 1532 nimirum
375 1473 522 1551 aestimas,
545 1489 562 1530 o
586 1470 663 1532 bone
686 1473 857 1552 imperator,
881 1471 1004 1533 calidam
1028 1481 1057 1534 et
1076 1473 1126 1532 fri-

72 1587 98 1628 15
112 1561 210 1640 gidam
234 1560 409 1621 mortalibus
431 1558 577 1620 inclusam
600 1578 666 1620 esse
690 1559 875 1640 corporibus,
901 1579 970 1621 cum
994 1561 1125 1640 singulae

112 1668 162 1711 res
185 1652 336 1728 propriam
358 1648 487 1709 habeant
511 1657 654 1710 naturam.
691 1648 770 1728 Ignis
794 1651 902 1729 ignem,
925 1668 1001 1729 aqua
1020 1667 1126 1728 aquam

113 1738 275 1819 desiderat3
304 1738 356 1798 sed
380 1737 415 1798 ad
439 1737 545 1797 horum
569 1738 748 1816 iungendam
773 1740 945 1799 societatem
969 1741 1029 1798 sive
1053 1747 1126 1798 tem⁴

112 1829 276 1906 perantiam
304 1826 521 1905 procurandam
550 1827 690 1887 silvarum
718 1829 856 1887 materies
880 1826 1053 1906 lignumque
1076 1828 1125 1888 de·

112 1918 259 1995 poscitur,
292 1915 372 1994 quod
400 1923 429 1975 et
458 1916 553 1974 nutrit
585 1933 618 1974 ac
651 1917 776 1975 suscitat
804 1923 834 1975 et
861 1917 939 1993 rapit
969 1917 1067 1994 ignem
1095 1925 1126 1977 et

71 2027 98 2067 so
113 2005 250 2083 frigidam
274 2006 364 2064 vertit
385 2005 416 2063 iu
441 2002 577 2084 calidam,
602 2003 653 2062 sed
677 2021 736 2062 non
760 2005 801 2062 ita
822 2005 853 2061 in
872 2003 959 2063 nobis
978 2012 1024 2063 est
1043 2023 1125 2064 coae-

112 2093 271 2174 quandum.
295 2093 405 2170 Accipe
427 2093 527 2171 igitur,
551 2093 741 2151 serenissime
764 2093 935 2169 imperator,
959 2092 1037 2169 quod
1057 2099 1161 2152 oon-t

111 2184 234 2244 veniens
262 2180 349 2242 nobis
377 2188 499 2259 putetur
528 2179 709 2258 exemplum:
741 2179 926 2240 thermarum
952 2179 1066 2240 scilicet
1089 2179 1124 2241 ab

111 2290 144 2332 se
167 2269 331 2332 calidarum
353 2271 456 2330 mixtio
480 2277 651 2350 temperata,
674 2268 727 2330 ubi
750 2287 805 2329 nee
829 2269 906 2346 iguis
929 2268 1046 2329 videtur
1069 2287 1125 2330 nec

110 2359 224 2439 lignum
253 2361 438 2438 suggeritur,
465 2359 524 2418 nisi
551 2377 641 2437 vapor
670 2358 750 2419 solus
779 2367 884 2437 sponte
910 2359 1067 2420 coniicitur
1095 2367 1125 2420 et

71 2470 97 2511 rs
111 2467 162 2510 aer
185 2447 300 2510 calidus
323 2449 387 2507 sine
410 2445 511 2507 labore
535 2449 671 2509 sentitur.
707 2446 812 2508 Nonne
836 2447 895 2508 duo
919 2465 1011 2508 unum
1033 2445 1125 2510 sunt‘?

112 2546 142 2598 et
170 2537 286 2599 diversa
315 2544 403 2614 atque
432 2539 579 2596 contraria
607 2540 734 2598 invicem
757 2534 905 2615 prosunt?
935 2537 1033 2598 divina
1057 2557 1124 2617 pro·

111 2627 240 2687 videntia
269 2624 382 2686 salubri
409 2627 606 2703 permixtione
634 2645 668 2686 ac
696 2629 840 2704 temperie
868 2637 1027 2705 procurata
1052 2645 1125 2687 non·

111 2714 222 2775 nullam
241 2713 419 2793 corporibus
438 2713 592 2775 abluendis
611 2717 766 2775 sanitatem
784 2723 937 2795 praestant
955 2725 1125 2795 competen-

112 2811 232 2881 temque
256 2803 432 2863 medicinam
456 2803 632 2880 praebentes
656 2806 753 2863 varios
776 2803 934 2882 languores
958 2822 973 2863 a
993 2805 1124 2882 eorpori-

74 2889 172 2950 cobus
190 2891 355 2953 mortalium
375 2887 513 2970 pellunt?
544 2889 623 2949 Haec
643 2909 710 2949 cum
726 2893 765 2949 ita
782 2893 849 2970 sint,
869 2891 943 2949 nihil
962 2891 1041 2951 aliud
1056 2909 1125 2950 reor

114 2978 287 3040 mortalibus
309 2976 514 3059 praebendum
537 2978 596 3035 nisi
619 2976 648 3035 id
674 2977 765 3054 quod,
790 2995 857 3035 cum
881 2978 992 3036 infirmi
1015 2986 1123 3050 essent,

115 3067 356 3130 desideraverunt
384 3075 414 3128 et
441 3064 572 3126 oblatum
601 3063 658 3124 sibi
685 3063 833 3142 proluisse
862 3071 1029 3123 senserunt.
1071 3063 1124 3124 His

113 3175 182 3236 ergo
206 3166 334 3236 utamur,
358 3155 466 3236 quibus
490 3171 593 3236 sumus
613 3153 688 3214 bene
708 3153 823 3232 experti
841 3160 871 3212 et
890 3169 1017 3231 quorum
1037 3150 1125 3211 bene·

111 3247 177 3307 licio
201 3247 357 3308 consecuti
380 3262 483 3306 sunaus
506 3242 665 3322 optabilem
689 3244 853 3303 sanitatem.
890 3239 964 3300 Nam
988 3239 1124 3300 similiter
1143 3247 1159 3296 8

182 3451 322 3522 tipinnee
340 3455 389 3506 im
406 3466 517 3521 pennae
534 3453 592 3504 2ru.
661 3455 675 3503 t
695 3447 725 3503 id
743 3450 797 3521 est]
817 3449 889 3504 inde.
954 3454 986 3504 10
1005 3447 1120 3520 spongia

109 3541 144 3580 ec
162 3523 281 3594 sfongea
299 3539 367 3579 corr.
441 3528 473 3575 12
493 3519 616 3576 exaustis
635 3526 693 3577 im.
766 3528 801 3578 22
820 3537 839 3576 a
855 3537 890 3578 eo
907 3520 946 3577 ab
965 3537 1039 3580 euru„
