2438 3802
512 161 727 227 „55-

113 329 203 387 mixta
227 326 258 385 ln
280 323 400 385 vasculo
423 326 519 386 vitreo
542 324 691 406 hahenda;
719 343 787 386 cum
815 344 938 387 necesse
962 329 1032 409 erit,
1057 347 1125 389 con·

113 414 299 494 spergendus
322 416 352 473 in
376 413 492 474 ballneo
517 416 606 494 capiti
628 414 678 475 hic
701 413 798 493 pulvis
820 413 866 474 vel
883 415 1035 496 memhris,
1054 417 1126 478 dum

112 504 208 564 adhuc
232 504 311 563 sicca
335 512 416 582 sunt,
440 502 470 563 id
495 511 541 563 est
564 511 722 582 autequam
746 503 862 585 sudent,
886 511 916 563 et
938 505 1125 582 perfricanda

112 593 289 672 diutissime,
313 599 507 670 posteaquam
530 591 682 671 pulverem
706 593 924 674 consperseris3
955 591 1062 654 dehinc
1086 593 1125 655 la-

84 681 238 741 orandum
263 687 352 758 eaput
375 681 407 740 in
430 679 528 740 calore
551 680 658 760 IrIgida
681 699 756 760 aqua
780 688 810 742 et
833 680 1064 764 observandum,
1087 701 1124 743 ne

112 772 143 829 In
167 768 289 829 calidam
313 777 402 847 caput
425 786 555 850 mergas3
582 771 614 829 in
638 769 774 848 frigidam
798 787 885 852 sane,
914 772 1052 849 quotiens
1077 790 1124 831 vo·

113 857 214 937 lueris,
241 874 341 935 merge
370 865 400 917 et
422 865 525 936 postea
549 856 657 917 sabano
682 857 839 937 diligenter
863 861 986 919 exsicca.
1034 859 1177 920 Con-18
1211 880 1215 884 ·

114 946 224 1006 lectio
257 946 330 1006 slve
363 945 559 1024 dispositio
592 945 793 1026 emplastri,
822 949 883 1007 cui
911 947 1124 1009 vocabulum

113 1042 168 1093 est
190 1034 399 1094 dictamnos.
446 1033 593 1095 Dictamni
616 1043 690 1113 part.
715 1034 806 1115 XXV,
830 1035 1020 1096 chamaemeli
1049 1045 1124 1116 part.

72 1137 98 1177 ro
113 1121 202 1202 XIIII,
221 1121 354 1202 sphagnu
374 1132 449 1202 part.
468 1122 555 1204 VIIII,
579 1125 680 1203 cyperi
699 1133 772 1203 part.
793 1123 852 1206 VII,
870 1124 952 1204 poliu
971 1133 1045 1204 part.
1061 1124 1124 1207 XII,

110 1210 184 1272 Iithu
218 1220 324 1290 gagatu
362 1220 437 1290 part.
465 1210 528 1293 VII,
562 1230 649 1272 cerae
681 1213 765 1273 rufae
799 1221 873 1291 part.
902 1211 970 1294 XII,
1008 1216 1124 1274 resinae

110 1299 328 1360 terebinthinae
351 1308 425 1379 part.
445 1297 538 1382 XIIII,
567 1303 765 1362 ammoniacae
789 1308 889 1380 guttae
913 1309 988 1381 part.
1008 1299 1123 1376 XXXV,

110 1388 267 1467 propoleos
295 1396 370 1467 part.
393 1387 460 1470 XII,
488 1389 632 1468 psimithii
660 1397 734 1468 part.
758 1388 828 1471 XII,
857 1389 1023 1450 chalcanthi
1047 1398 1122 1470 part.

110 1475 229 1558 XXIIII,
258 1477 376 1555 galbani
402 1484 478 1557 part.
501 1477 591 1560 XXV,
621 1477 839 1558 chamaepityos
866 1485 942 1558 part.
965 1477 1043 1560 VIII,
1071 1481 1124 1539 tri-

68 1579 94 1621 u
110 1565 170 1625 lolii
202 1576 277 1645 part.
305 1565 372 1646 IIII,
405 1565 557 1644 pentalolii
584 1574 659 1646 part.
687 1566 754 1650 IIII,
786 1567 972 1628 aristolociae
1002 1586 1123 1647 grossae

108 1661 183 1733 part.
202 1653 321 1736 XXXV,
354 1662 532 1716 centaureae
563 1664 615 1717 aut
644 1658 799 1736 gentianae
828 1665 903 1736 part.
922 1655 991 1737 XII,
1021 1655 1122 1716 lithar-

108 1745 173 1822 gyri
195 1753 270 1823 part.
290 1743 350 1825 CL,
374 1746 489 1804 resinae
512 1743 676 1806 colofoniae
698 1753 773 1824 part.
798 1745 834 1826 L,
858 1763 910 1824 ges
933 1743 1121 1824 ampelitidos

108 1840 183 1910 part.
206 1831 287 1913 XXI,
315 1834 391 1911 picis
413 1832 546 1894 Bruttiae
570 1833 617 1894 vel
640 1837 750 1914 siccae,
779 1835 804 1893 si
832 1853 868 1912 ge
892 1833 1038 1912 ampelitis
1062 1851 1123 1893 non

108 1921 213 2002 luerit,
246 1928 320 1999 part.
345 1921 411 2001 XII,
444 1921 558 2000 lepidos
587 1921 705 2001 chalcu,
737 1922 766 1981 id
795 1930 841 1982 est
869 1940 1009 2000 squamae
1041 1922 1123 2000 lerri,

68 2023 95 2063 ro
108 2017 184 2088 part.
203 2008 308 2090 XVIII,
336 2009 489 2090 diphrygis
517 2017 592 2087 part.
616 2009 695 2089 VIII,
723 2009 803 2070 aloes
830 2019 905 2088 part.
924 2008 1003 2088 XVI,
1032 2008 1123 2069 libani

109 2097 309 2158 candidissimi
332 2106 408 2178 part.
428 2097 497 2178 XII,
520 2099 699 2176 opopanacis
722 2104 797 2176 part
822 2096 886 2177 VII,
911 2095 1122 2176 chamaedryos

109 2194 182 2265 part
207 2186 274 2267 XII,
305 2187 449 2248 marrubii
477 2194 552 2265 part,
576 2185 643 2261 XII,
675 2187 842 2246 artemisiae
874 2193 949 2266 part.
973 2183 1040 2266 IIII,
1069 2187 1122 2245 iris

108 2274 241 2354 IllyrIcae
268 2283 343 2355 part
362 2275 426 2358 VII,
453 2274 632 2336 libanotidos
654 2282 730 2355 part.
750 2274 799 2356 VI,
828 2273 886 2336 olei
913 2276 1022 2335 veteris
1046 2281 1121 2354 part.

108 2361 233 2446 XLVIII,
252 2367 368 2425 resinae
387 2366 519 2443 pituInae
534 2372 608 2444 part.
623 2363 715 2446 XXII,
732 2363 837 2426 chalcu
851 2381 1033 2425 cecaumenu
1047 2371 1122 2444 part.

69 2466 95 2509 rt
110 2451 211 2534 XVIII,
230 2453 315 2514 millu
333 2461 408 2532 part.
423 2452 486 2534 XII,
505 2453 678 2514 chalcitidos
699 2461 773 2534 part.
788 2453 823 2535 X,
842 2472 958 2534 myrrae
973 2461 1048 2532 part.
1063 2451 1123 2534 VII,

110 2543 149 2620 iu,
168 2541 199 2601 id
219 2550 263 2602 est
278 2544 437 2622 aeruginis,
455 2550 530 2620 part.
545 2542 567 2603 I.
602 2542 706 2604 Oleum
727 2551 820 2625 retus,
840 2551 984 2622 quantum
1002 2545 1122 2604 mitten·
1143 2551 1177 2600 19

110 2629 180 2690 durn
204 2630 295 2691 fuerit
317 2649 371 2710 pro
396 2631 482 2691 modo
507 2634 674 2710 specierum
697 2650 787 2711 supra
811 2634 998 2712 scrIptarum,
1022 2633 1123 2691 mittes

109 2720 141 2778 iu
164 2718 251 2779 ollam
275 2738 379 2780 novam
403 2729 432 2780 et
456 2719 611 2781 calefacies
633 2720 694 2780 leni
716 2720 833 2780 flamma
857 2720 903 2780 vel
921 2721 1020 2799 potius
1045 2722 1123 2798 igne,

110 2815 182 2867 tunc
201 2811 310 2889 mittes,
330 2808 381 2869 sed
401 2808 541 2887 paulatim
561 2809 597 2867 de
617 2826 707 2868 manu
725 2811 909 2887 inspergens,
928 2807 1124 2886 lithargyrum

69 2910 96 2951 eo
110 2894 186 2956 hene
201 2899 306 2957 tritum
324 2905 354 2958 et
368 2896 490 2956 adsidue
507 2893 689 2972 spathomela
704 2894 837 2974 agitahIs,
853 2913 1009 2972 quousque
1025 2894 1123 2954 oleum

108 2984 181 3045 illud
205 2987 246 3046 ita
269 2987 428 3065 inficiatur,
451 2990 485 3043 ut
506 2981 636 3042 colorem
655 2980 810 3059 lithargyri
828 2981 926 3040 trahat
945 2989 975 3041 et
993 2981 1123 3058 aliquan·

109 3073 205 3134 tulum
230 3077 399 3152 spissescat,
422 3081 525 3151 postea
544 3078 595 3131 aut
613 3072 710 3150 picem
728 3068 874 3129 Bruttiam
893 3071 994 3129 trilam
1013 3070 1123 3148 mittes,

181 3250 197 3299 9
217 3244 385 3300 chamomili.
468 3249 501 3298 10
521 3245 631 3311 stegnu.
714 3246 746 3294 11
766 3238 845 3294 rufae
864 3255 915 3295 om.
999 3245 1031 3292 12
1050 3243 1123 3292 here-

110 3313 252 3370 beutinae.
325 3314 477 3371 emmunioi
496 3316 585 3385 gutte.
661 3319 691 3367 13
711 3309 855 3382 psimithii.
918 3314 950 3364 18
970 3311 1054 3364 durae
1070 3324 1124 3378 pro

109 3383 246 3441 Bruttiae.
324 3404 382 3457 ges.
457 3392 489 3440 19
510 3399 634 3454 squama.
713 3389 748 3438 20
767 3382 897 3452 diiryges.
980 3380 1123 3437 mamurii

108 3462 144 3582 qq)
172 3456 330 3527 spatomeli.
422 3462 455 3510 et
482 3456 511 3510 in
534 3456 598 3512 add.
625 3459 689 3510 anm
712 3453 929 3524 aliquantulum.
1019 3458 1060 3508 ‘t‘l
1076 3451 1134 3505 hh·

140 3545 169 3581 m
183 3544 234 3583 om.
