<?xml version="1.0" encoding="UTF-8"?>
<!DOCTYPE html PUBLIC "-//W3C//DTD XHTML 1.0 Transitional//EN"
    "http://www.w3.org/TR/xhtml1/DTD/xhtml1-transitional.dtd">
<html xmlns="http://www.w3.org/1999/xhtml" xml:lang="en" lang="en">
 <head>
  <title>
</title>
<meta http-equiv="Content-Type" content="text/html;charset=utf-8" />
  <meta name='ocr-system' content='tesseract 3.04.00' />
  <meta name='ocr-capabilities' content='ocr_page ocr_carea ocr_par ocr_line ocrx_word'/>
</head>
<body>
  <div class='ocr_page' id='page_1' title='image "./marcellidemedic01helmgoog_0109.png"; bbox 0 0 2438 3802; ppageno 0'>
   <div class='ocr_carea' id='block_1_1' title="bbox 535 147 751 213">
    <p class='ocr_par' dir='ltr' id='par_1_1' title="bbox 535 147 751 213">
     <span class='ocr_line' id='line_1_1' title="bbox 535 147 751 213; baseline -0.009 -17"><span class='ocrx_word' id='word_1_1' title='bbox 535 147 751 213; x_wconf 66' lang='lat'>..93-</span> 
     </span>
    </p>
   </div>
   <div class='ocr_carea' id='block_1_2' title="bbox 81 310 1197 3315">
    <p class='ocr_par' dir='ltr' id='par_1_2' title="bbox 81 310 1197 3315">
     <span class='ocr_line' id='line_1_2' title="bbox 134 310 1153 392; baseline -0.004 -18"><span class='ocrx_word' id='word_1_2' title='bbox 134 316 214 375; x_wconf 90' lang='lat' dir='ltr'>ferro</span> <span class='ocrx_word' id='word_1_3' title='bbox 239 313 295 373; x_wconf 93' lang='lat' dir='ltr'>hoc</span> <span class='ocrx_word' id='word_1_4' title='bbox 318 310 445 392; x_wconf 89' lang='lat' dir='ltr'>pastillo,</span> <span class='ocrx_word' id='word_1_5' title='bbox 469 313 521 390; x_wconf 92' lang='lat' dir='ltr'>qui</span> <span class='ocrx_word' id='word_1_6' title='bbox 544 312 701 373; x_wconf 88' lang='lat' dir='ltr'>conficitur</span> <span class='ocrx_word' id='word_1_7' title='bbox 725 313 781 374; x_wconf 86' lang='lat' dir='ltr'>sic:</span> <span class='ocrx_word' id='word_1_8' title='bbox 805 310 950 371; x_wconf 83' lang='lat' dir='ltr'>dluminis</span> <span class='ocrx_word' id='word_1_9' title='bbox 974 312 1037 371; x_wconf 88' lang='lat' dir='ltr'>fissi</span> <span class='ocrx_word' id='word_1_10' title='bbox 1060 310 1091 372; x_wconf 87' lang='lat' dir='ltr'>P.</span> <span class='ocrx_word' id='word_1_11' title='bbox 1116 311 1153 392; x_wconf 90' lang='lat' dir='ltr'>ll,</span> 
     </span>
     <span class='ocr_line' id='line_1_3' title="bbox 134 399 1154 482; baseline -0.005 -18"><span class='ocrx_word' id='word_1_12' title='bbox 134 405 283 482; x_wconf 82' lang='lat' dir='ltr'>aeruginis</span> <span class='ocrx_word' id='word_1_13' title='bbox 308 401 340 462; x_wconf 93' lang='lat' dir='ltr'>P.</span> <span class='ocrx_word' id='word_1_14' title='bbox 359 400 400 480; x_wconf 92' lang='lat' dir='ltr'>Il,</span> <span class='ocrx_word' id='word_1_15' title='bbox 424 402 513 460; x_wconf 84' lang='lat' dir='ltr'>misul</span> <span class='ocrx_word' id='word_1_16' title='bbox 536 403 597 461; x_wconf 92' lang='lat' dir='ltr'>usti</span> <span class='ocrx_word' id='word_1_17' title='bbox 619 400 651 460; x_wconf 93' lang='lat' dir='ltr'>P.</span> <span class='ocrx_word' id='word_1_18' title='bbox 670 400 710 481; x_wconf 89' lang='lat' dir='ltr'>ll,</span> <span class='ocrx_word' id='word_1_19' title='bbox 734 400 871 460; x_wconf 80' lang='lat' dir='ltr'>rubricae</span> <span class='ocrx_word' id='word_1_20' title='bbox 897 399 1047 479; x_wconf 86' lang='lat' dir='ltr'>Sinopidis</span> <span class='ocrx_word' id='word_1_21' title='bbox 1066 399 1097 459; x_wconf 95' lang='lat' dir='ltr'>P.</span> <span class='ocrx_word' id='word_1_22' title='bbox 1117 399 1154 476; x_wconf 90' lang='lat' dir='ltr'>ll,</span> 
     </span>
     <span class='ocr_line' id='line_1_4' title="bbox 134 488 1153 571; baseline -0.004 -19"><span class='ocrx_word' id='word_1_23' title='bbox 134 493 261 571; x_wconf 83' lang='lat' dir='ltr'>gummis</span> <span class='ocrx_word' id='word_1_24' title='bbox 275 490 307 551; x_wconf 92' lang='lat' dir='ltr'>P.</span> <span class='ocrx_word' id='word_1_25' title='bbox 323 489 344 550; x_wconf 93' lang='lat'>1.</span> <span class='ocrx_word' id='word_1_26' title='bbox 381 489 534 549; x_wconf 85' lang='lat' dir='ltr'>Teruntur</span> <span class='ocrx_word' id='word_1_27' title='bbox 553 491 668 567; x_wconf 91' lang='lat' dir='ltr'>species</span> <span class='ocrx_word' id='word_1_28' title='bbox 688 491 803 568; x_wconf 81' lang='lat' dir='ltr'>priores</span> <span class='ocrx_word' id='word_1_29' title='bbox 818 507 853 548; x_wconf 84' lang='lat' dir='ltr'>ex</span> <span class='ocrx_word' id='word_1_30' title='bbox 869 496 952 549; x_wconf 90' lang='lat' dir='ltr'>aceto</span> <span class='ocrx_word' id='word_1_31' title='bbox 967 490 1038 568; x_wconf 87' lang='lat' dir='ltr'>acri,</span> <span class='ocrx_word' id='word_1_32' title='bbox 1057 488 1153 548; x_wconf 91' lang='lat' dir='ltr'>donec</span> 
     </span>
     <span class='ocr_line' id='line_1_5' title="bbox 135 576 1153 660; baseline -0.005 -19"><span class='ocrx_word' id='word_1_33' title='bbox 135 583 220 660; x_wconf 82' lang='lat' dir='ltr'>quasi</span> <span class='ocrx_word' id='word_1_34' title='bbox 239 579 357 658; x_wconf 80' lang='lat' dir='ltr'>collyrii</span> <span class='ocrx_word' id='word_1_35' title='bbox 376 577 524 638; x_wconf 77' lang='lat' dir='ltr'>confectio</span> <span class='ocrx_word' id='word_1_36' title='bbox 542 576 623 637; x_wconf 84' lang='lat' dir='ltr'>leves</span> <span class='ocrx_word' id='word_1_37' title='bbox 642 577 726 658; x_wconf 69' lang='lat' dir='ltr'>fiant,</span> <span class='ocrx_word' id='word_1_38' title='bbox 745 577 882 638; x_wconf 90' lang='lat' dir='ltr'>ultimum</span> <span class='ocrx_word' id='word_1_39' title='bbox 897 579 1010 654; x_wconf 92' lang='lat' dir='ltr'>gummi</span> <span class='ocrx_word' id='word_1_40' title='bbox 1024 576 1153 638; x_wconf 91' lang='lat' dir='ltr'>adicitur</span> 
     </span>
     <span class='ocr_line' id='line_1_6' title="bbox 135 665 1182 747; baseline -0.007 -17"><span class='ocrx_word' id='word_1_41' title='bbox 135 680 165 730; x_wconf 90' lang='lat' dir='ltr'>et</span> <span class='ocrx_word' id='word_1_42' title='bbox 187 671 342 747; x_wconf 87' lang='lat' dir='ltr'>tinguntur</span> <span class='ocrx_word' id='word_1_43' title='bbox 364 665 483 747; x_wconf 74' lang='lat' dir='ltr'>pastilli,</span> <span class='ocrx_word' id='word_1_44' title='bbox 507 668 559 744; x_wconf 92' lang='lat' dir='ltr'>qui</span> <span class='ocrx_word' id='word_1_45' title='bbox 581 665 617 726; x_wconf 92' lang='lat' dir='ltr'>ad</span> <span class='ocrx_word' id='word_1_46' title='bbox 641 669 739 726; x_wconf 91' lang='lat' dir='ltr'>omnia</span> <span class='ocrx_word' id='word_1_47' title='bbox 761 667 861 739; x_wconf 88' lang='lat' dir='ltr'>ulcera</span> <span class='ocrx_word' id='word_1_48' title='bbox 880 666 994 726; x_wconf 92' lang='lat' dir='ltr'>faciunt</span> <span class='ocrx_word' id='word_1_49' title='bbox 1011 683 1087 743; x_wconf 84' lang='lat' dir='ltr'>aqua</span> <span class='ocrx_word' id='word_1_50' title='bbox 1107 665 1150 725; x_wconf 94' lang='lat' dir='ltr'>di·</span> <span class='ocrx_word' id='word_1_51' title='bbox 1168 682 1182 723; x_wconf 80' lang='lat' dir='ltr'>c</span> 
     </span>
     <span class='ocr_line' id='line_1_7' title="bbox 111 754 1155 836; baseline -0.005 -18"><span class='ocrx_word' id='word_1_52' title='bbox 111 758 189 819; x_wconf 88' lang='lat' dir='ltr'>luti</span> <span class='ocrx_word' id='word_1_53' title='bbox 210 756 363 835; x_wconf 82' lang='lat' dir='ltr'>emplastri</span> <span class='ocrx_word' id='word_1_54' title='bbox 387 773 469 815; x_wconf 90' lang='lat' dir='ltr'>more</span> <span class='ocrx_word' id='word_1_55' title='bbox 488 757 619 836; x_wconf 86' lang='lat' dir='ltr'>inpositi,</span> <span class='ocrx_word' id='word_1_56' title='bbox 644 773 711 815; x_wconf 90' lang='lat' dir='ltr'>cum</span> <span class='ocrx_word' id='word_1_57' title='bbox 731 762 782 815; x_wconf 91' lang='lat' dir='ltr'>aut</span> <span class='ocrx_word' id='word_1_58' title='bbox 801 763 934 815; x_wconf 90' lang='lat' dir='ltr'>tumores</span> <span class='ocrx_word' id='word_1_59' title='bbox 954 754 1155 833; x_wconf 88' lang='lat' dir='ltr'>conpescendi</span> 
     </span>
     <span class='ocr_line' id='line_1_8' title="bbox 135 842 1155 924; baseline -0.004 -18"><span class='ocrx_word' id='word_1_60' title='bbox 135 854 205 907; x_wconf 91' lang='lat' dir='ltr'>sunt</span> <span class='ocrx_word' id='word_1_61' title='bbox 236 852 287 906; x_wconf 94' lang='lat' dir='ltr'>aut</span> <span class='ocrx_word' id='word_1_62' title='bbox 320 846 475 904; x_wconf 88' lang='lat' dir='ltr'>cicatrices</span> <span class='ocrx_word' id='word_1_63' title='bbox 509 843 674 924; x_wconf 79' lang='lat' dir='ltr'>sedandac3</span> <span class='ocrx_word' id='word_1_64' title='bbox 710 842 761 902; x_wconf 91' lang='lat' dir='ltr'>sed</span> <span class='ocrx_word' id='word_1_65' title='bbox 792 842 996 921; x_wconf 87' lang='lat' dir='ltr'>aquatioribus</span> <span class='ocrx_word' id='word_1_66' title='bbox 1029 843 1075 902; x_wconf 90' lang='lat' dir='ltr'>his</span> <span class='ocrx_word' id='word_1_67' title='bbox 1109 844 1155 903; x_wconf 93' lang='lat' dir='ltr'>uti</span> 
     </span>
     <span class='ocr_line' id='line_1_9' title="bbox 136 930 1154 1014; baseline -0.005 -19"><span class='ocrx_word' id='word_1_68' title='bbox 136 941 267 1014; x_wconf 82' lang='lat' dir='ltr'>oportet,</span> <span class='ocrx_word' id='word_1_69' title='bbox 297 951 366 994; x_wconf 88' lang='lat' dir='ltr'>cum</span> <span class='ocrx_word' id='word_1_70' title='bbox 394 934 517 994; x_wconf 84' lang='lat' dir='ltr'>cicatrix</span> <span class='ocrx_word' id='word_1_71' title='bbox 548 931 682 992; x_wconf 91' lang='lat' dir='ltr'>ducenda</span> <span class='ocrx_word' id='word_1_72' title='bbox 707 939 765 1011; x_wconf 92' lang='lat' dir='ltr'>est,</span> <span class='ocrx_word' id='word_1_73' title='bbox 798 940 831 991; x_wconf 93' lang='lat' dir='ltr'>ut</span> <span class='ocrx_word' id='word_1_74' title='bbox 858 930 973 991; x_wconf 81' lang='lat' dir='ltr'>facilius</span> <span class='ocrx_word' id='word_1_75' title='bbox 1002 931 1154 991; x_wconf 85' lang='lat' dir='ltr'>auriculae</span> 
     </span>
     <span class='ocr_line' id='line_1_10' title="bbox 136 1019 1154 1098; baseline -0.002 -16"><span class='ocrx_word' id='word_1_76' title='bbox 136 1024 315 1083; x_wconf 91' lang='lat' dir='ltr'>inserantur.</span> <span class='ocrx_word' id='word_1_77' title='bbox 352 1021 433 1081; x_wconf 90' lang='lat' dir='ltr'>Bene</span> <span class='ocrx_word' id='word_1_78' title='bbox 456 1021 569 1081; x_wconf 91' lang='lat' dir='ltr'>faciunt</span> <span class='ocrx_word' id='word_1_79' title='bbox 591 1020 671 1081; x_wconf 89' lang='lat' dir='ltr'>idom</span> <span class='ocrx_word' id='word_1_80' title='bbox 695 1027 725 1080; x_wconf 91' lang='lat' dir='ltr'>et</span> <span class='ocrx_word' id='word_1_81' title='bbox 748 1019 782 1078; x_wconf 89' lang='lat' dir='ltr'>ad</span> <span class='ocrx_word' id='word_1_82' title='bbox 805 1037 893 1080; x_wconf 89' lang='lat' dir='ltr'>nares</span> <span class='ocrx_word' id='word_1_83' title='bbox 912 1019 1045 1098; x_wconf 88' lang='lat' dir='ltr'>qualibet</span> <span class='ocrx_word' id='word_1_84' title='bbox 1065 1038 1154 1080; x_wconf 89' lang='lat' dir='ltr'>causa</span> 
     </span>
     <span class='ocr_line' id='line_1_11' title="bbox 82 1109 1194 1188; baseline -0.004 -15"><span class='ocrx_word' id='word_1_85' title='bbox 82 1125 116 1174; x_wconf 84' lang='lat'>39</span> <span class='ocrx_word' id='word_1_86' title='bbox 137 1110 320 1172; x_wconf 84' lang='lat' dir='ltr'>exulceratas</span> <span class='ocrx_word' id='word_1_87' title='bbox 344 1120 374 1170; x_wconf 93' lang='lat' dir='ltr'>et</span> <span class='ocrx_word' id='word_1_88' title='bbox 397 1112 526 1188; x_wconf 85' lang='lat' dir='ltr'>graviter</span> <span class='ocrx_word' id='word_1_89' title='bbox 550 1109 671 1169; x_wconf 90' lang='lat' dir='ltr'>olentes.</span> <span class='ocrx_word' id='word_1_90' title='bbox 709 1109 839 1168; x_wconf 83' lang='lat' dir='ltr'>Araneas</span> <span class='ocrx_word' id='word_1_91' title='bbox 862 1110 994 1168; x_wconf 91' lang='lat' dir='ltr'>viventes</span> <span class='ocrx_word' id='word_1_92' title='bbox 1018 1110 1050 1168; x_wconf 91' lang='lat' dir='ltr'>in</span> <span class='ocrx_word' id='word_1_93' title='bbox 1069 1116 1153 1168; x_wconf 91' lang='lat' dir='ltr'>aceto</span> <span class='ocrx_word' id='word_1_94' title='bbox 1168 1127 1194 1167; x_wconf 78' lang='grc' dir='ltr'>ιο</span> 
     </span>
     <span class='ocr_line' id='line_1_12' title="bbox 135 1196 1153 1276; baseline -0.003 -16"><span class='ocrx_word' id='word_1_95' title='bbox 135 1199 300 1260; x_wconf 88' lang='lat' dir='ltr'>macerabis</span> <span class='ocrx_word' id='word_1_96' title='bbox 324 1201 421 1260; x_wconf 86' lang='lat' dir='ltr'>etsie</span> <span class='ocrx_word' id='word_1_97' title='bbox 445 1207 583 1258; x_wconf 91' lang='lat' dir='ltr'>conteres</span> <span class='ocrx_word' id='word_1_98' title='bbox 606 1205 695 1276; x_wconf 90' lang='lat' dir='ltr'>atque</span> <span class='ocrx_word' id='word_1_99' title='bbox 718 1196 787 1256; x_wconf 92' lang='lat' dir='ltr'>inde</span> <span class='ocrx_word' id='word_1_100' title='bbox 811 1215 913 1257; x_wconf 86' lang='lat' dir='ltr'>aurem</span> <span class='ocrx_word' id='word_1_101' title='bbox 938 1197 1029 1276; x_wconf 89' lang='lat' dir='ltr'>ciues,</span> <span class='ocrx_word' id='word_1_102' title='bbox 1054 1199 1153 1257; x_wconf 90' lang='lat' dir='ltr'>statim</span> 
     </span>
     <span class='ocr_line' id='line_1_13' title="bbox 81 1287 1154 1369; baseline -0.003 -20"><span class='ocrx_word' id='word_1_103' title='bbox 81 1301 116 1350; x_wconf 92' lang='grc' dir='ltr'>4ο</span> <span class='ocrx_word' id='word_1_104' title='bbox 135 1290 277 1368; x_wconf 91' lang='lat' dir='ltr'>proderit.</span> <span class='ocrx_word' id='word_1_105' title='bbox 318 1287 385 1369; x_wconf 91' lang='lat' dir='ltr'>Mel,</span> <span class='ocrx_word' id='word_1_106' title='bbox 409 1287 549 1366; x_wconf 79' lang='lat' dir='ltr'>butyrum</span> <span class='ocrx_word' id='word_1_107' title='bbox 573 1296 603 1347; x_wconf 91' lang='lat' dir='ltr'>et</span> <span class='ocrx_word' id='word_1_108' title='bbox 626 1287 722 1346; x_wconf 90' lang='lat' dir='ltr'>oleum</span> <span class='ocrx_word' id='word_1_109' title='bbox 747 1303 903 1345; x_wconf 91' lang='lat' dir='ltr'>rosaceum</span> <span class='ocrx_word' id='word_1_110' title='bbox 927 1288 990 1364; x_wconf 93' lang='lat' dir='ltr'>pari</span> <span class='ocrx_word' id='word_1_111' title='bbox 1013 1303 1154 1346; x_wconf 90' lang='lat' dir='ltr'>mensura</span> 
     </span>
     <span class='ocr_line' id='line_1_14' title="bbox 82 1373 1155 1456; baseline -0.004 -18"><span class='ocrx_word' id='word_1_112' title='bbox 82 1389 116 1438; x_wconf 86' lang='lat'>41</span> <span class='ocrx_word' id='word_1_113' title='bbox 136 1379 283 1456; x_wconf 87' lang='lat' dir='ltr'>permisce</span> <span class='ocrx_word' id='word_1_114' title='bbox 313 1395 347 1437; x_wconf 90' lang='lat' dir='ltr'>ac</span> <span class='ocrx_word' id='word_1_115' title='bbox 371 1375 505 1454; x_wconf 91' lang='lat' dir='ltr'>tepidum</span> <span class='ocrx_word' id='word_1_116' title='bbox 534 1375 684 1436; x_wconf 89' lang='lat' dir='ltr'>auriculae</span> <span class='ocrx_word' id='word_1_117' title='bbox 712 1373 824 1435; x_wconf 92' lang='lat' dir='ltr'>dolenti</span> <span class='ocrx_word' id='word_1_118' title='bbox 854 1375 985 1434; x_wconf 90' lang='lat' dir='ltr'>infunde.</span> <span class='ocrx_word' id='word_1_119' title='bbox 1032 1373 1085 1434; x_wconf 86' lang='lat' dir='ltr'>Fel</span> <span class='ocrx_word' id='word_1_120' title='bbox 1108 1393 1155 1434; x_wconf 91' lang='lat' dir='ltr'>ca·</span> 
     </span>
     <span class='ocr_line' id='line_1_15' title="bbox 136 1463 1155 1546; baseline -0.003 -21"><span class='ocrx_word' id='word_1_121' title='bbox 136 1485 266 1546; x_wconf 90' lang='lat' dir='ltr'>prunum</span> <span class='ocrx_word' id='word_1_122' title='bbox 300 1474 330 1526; x_wconf 89' lang='lat' dir='ltr'>et</span> <span class='ocrx_word' id='word_1_123' title='bbox 362 1464 461 1524; x_wconf 91' lang='lat' dir='ltr'>oleum</span> <span class='ocrx_word' id='word_1_124' title='bbox 493 1463 708 1542; x_wconf 82' lang='lat' dir='ltr'>amygdalinum</span> <span class='ocrx_word' id='word_1_125' title='bbox 742 1466 806 1542; x_wconf 89' lang='lat' dir='ltr'>pari</span> <span class='ocrx_word' id='word_1_126' title='bbox 839 1481 978 1523; x_wconf 90' lang='lat' dir='ltr'>mensura</span> <span class='ocrx_word' id='word_1_127' title='bbox 1006 1465 1155 1541; x_wconf 89' lang='lat' dir='ltr'>permisce</span> 
     </span>
     <span class='ocr_line' id='line_1_16' title="bbox 82 1551 1190 1632; baseline -0.006 -16"><span class='ocrx_word' id='word_1_128' title='bbox 82 1565 116 1616; x_wconf 75' lang='lat'>42</span> <span class='ocrx_word' id='word_1_129' title='bbox 136 1555 329 1632; x_wconf 91' lang='lat' dir='ltr'>tepidumque</span> <span class='ocrx_word' id='word_1_130' title='bbox 357 1552 501 1612; x_wconf 92' lang='lat' dir='ltr'>laboranti</span> <span class='ocrx_word' id='word_1_131' title='bbox 530 1552 679 1612; x_wconf 91' lang='lat' dir='ltr'>auriculae</span> <span class='ocrx_word' id='word_1_132' title='bbox 705 1551 823 1612; x_wconf 89' lang='lat' dir='ltr'>instilla.</span> <span class='ocrx_word' id='word_1_133' title='bbox 869 1551 1010 1611; x_wconf 91' lang='lat' dir='ltr'>Putorem</span> <span class='ocrx_word' id='word_1_134' title='bbox 1034 1551 1151 1612; x_wconf 90' lang='lat' dir='ltr'>sordes·</span> <span class='ocrx_word' id='word_1_135' title='bbox 1166 1568 1190 1610; x_wconf 83' lang='lat' dir='ltr'>u</span> 
     </span>
     <span class='ocr_line' id='line_1_17' title="bbox 137 1639 1154 1723; baseline -0.003 -19"><span class='ocrx_word' id='word_1_136' title='bbox 137 1662 195 1723; x_wconf 88' lang='lat' dir='ltr'>que</span> <span class='ocrx_word' id='word_1_137' title='bbox 228 1640 378 1702; x_wconf 91' lang='lat' dir='ltr'>auriculae</span> <span class='ocrx_word' id='word_1_138' title='bbox 411 1642 522 1719; x_wconf 92' lang='lat' dir='ltr'>optime</span> <span class='ocrx_word' id='word_1_139' title='bbox 555 1648 640 1700; x_wconf 90' lang='lat' dir='ltr'>curat</span> <span class='ocrx_word' id='word_1_140' title='bbox 668 1640 841 1700; x_wconf 87' lang='lat' dir='ltr'>cucurbitae</span> <span class='ocrx_word' id='word_1_141' title='bbox 870 1639 974 1699; x_wconf 88' lang='lat' dir='ltr'>viridis</span> <span class='ocrx_word' id='word_1_142' title='bbox 1003 1658 1094 1699; x_wconf 91' lang='lat' dir='ltr'>sucus</span> <span class='ocrx_word' id='word_1_143' title='bbox 1124 1649 1154 1701; x_wconf 90' lang='lat' dir='ltr'>et</span> 
     </span>
     <span class='ocr_line' id='line_1_18' title="bbox 82 1727 1154 1812; baseline -0.001 -22"><span class='ocrx_word' id='word_1_144' title='bbox 82 1743 116 1793; x_wconf 83' lang='lat'>4³</span> <span class='ocrx_word' id='word_1_145' title='bbox 136 1749 245 1812; x_wconf 91' lang='lat' dir='ltr'>porrus</span> <span class='ocrx_word' id='word_1_146' title='bbox 279 1732 425 1808; x_wconf 91' lang='lat' dir='ltr'>capitatus</span> <span class='ocrx_word' id='word_1_147' title='bbox 458 1747 525 1789; x_wconf 89' lang='lat' dir='ltr'>cum</span> <span class='ocrx_word' id='word_1_148' title='bbox 556 1727 620 1788; x_wconf 92' lang='lat' dir='ltr'>oleo</span> <span class='ocrx_word' id='word_1_149' title='bbox 649 1728 791 1788; x_wconf 91' lang='lat' dir='ltr'>decoctus</span> <span class='ocrx_word' id='word_1_150' title='bbox 819 1736 908 1807; x_wconf 87' lang='lat' dir='ltr'>atque</span> <span class='ocrx_word' id='word_1_151' title='bbox 936 1728 1061 1788; x_wconf 90' lang='lat' dir='ltr'>infusus.</span> <span class='ocrx_word' id='word_1_152' title='bbox 1108 1728 1154 1789; x_wconf 82' lang='lat' dir='ltr'>Ad</span> 
     </span>
     <span class='ocr_line' id='line_1_19' title="bbox 137 1816 1154 1896; baseline -0.003 -16"><span class='ocrx_word' id='word_1_153' title='bbox 137 1819 287 1880; x_wconf 89' lang='lat' dir='ltr'>auriculae</span> <span class='ocrx_word' id='word_1_154' title='bbox 311 1818 443 1878; x_wconf 90' lang='lat' dir='ltr'>dolorem</span> <span class='ocrx_word' id='word_1_155' title='bbox 467 1816 600 1878; x_wconf 90' lang='lat' dir='ltr'>hastulae</span> <span class='ocrx_word' id='word_1_156' title='bbox 622 1819 721 1896; x_wconf 84' lang='lat' dir='ltr'>regiae</span> <span class='ocrx_word' id='word_1_157' title='bbox 741 1816 850 1876; x_wconf 92' lang='lat' dir='ltr'>radicis</span> <span class='ocrx_word' id='word_1_158' title='bbox 869 1835 960 1877; x_wconf 92' lang='lat' dir='ltr'>sucus</span> <span class='ocrx_word' id='word_1_159' title='bbox 979 1835 1048 1877; x_wconf 88' lang='lat' dir='ltr'>cum</span> <span class='ocrx_word' id='word_1_160' title='bbox 1066 1816 1154 1878; x_wconf 89' lang='lat' dir='ltr'>melle</span> 
     </span>
     <span class='ocr_line' id='line_1_20' title="bbox 137 1905 1155 1987; baseline -0.001 -19"><span class='ocrx_word' id='word_1_161' title='bbox 137 1908 183 1968; x_wconf 92' lang='lat' dir='ltr'>vel</span> <span class='ocrx_word' id='word_1_162' title='bbox 211 1909 278 1967; x_wconf 85' lang='lat' dir='ltr'>vino</span> <span class='ocrx_word' id='word_1_163' title='bbox 307 1907 489 1987; x_wconf 85' lang='lat' dir='ltr'>infunditur,</span> <span class='ocrx_word' id='word_1_164' title='bbox 517 1905 667 1967; x_wconf 92' lang='lat' dir='ltr'>interdum</span> <span class='ocrx_word' id='word_1_165' title='bbox 695 1905 853 1966; x_wconf 91' lang='lat' dir='ltr'>admisceri</span> <span class='ocrx_word' id='word_1_166' title='bbox 881 1913 999 1984; x_wconf 89' lang='lat' dir='ltr'>oportet</span> <span class='ocrx_word' id='word_1_167' title='bbox 1022 1907 1099 1966; x_wconf 91' lang='lat' dir='ltr'>turis</span> <span class='ocrx_word' id='word_1_168' title='bbox 1124 1914 1155 1967; x_wconf 94' lang='lat' dir='ltr'>et</span> 
     </span>
     <span class='ocr_line' id='line_1_21' title="bbox 137 1993 1195 2077; baseline -0.005 -20"><span class='ocrx_word' id='word_1_169' title='bbox 137 2015 253 2077; x_wconf 80' lang='lat' dir='ltr'>myrrae</span> <span class='ocrx_word' id='word_1_170' title='bbox 291 2004 406 2076; x_wconf 89' lang='lat' dir='ltr'>partem</span> <span class='ocrx_word' id='word_1_171' title='bbox 438 1996 485 2057; x_wconf 89' lang='lat' dir='ltr'>vel</span> <span class='ocrx_word' id='word_1_172' title='bbox 517 1997 652 2075; x_wconf 89' lang='lat' dir='ltr'>capparis</span> <span class='ocrx_word' id='word_1_173' title='bbox 686 1993 824 2054; x_wconf 89' lang='lat' dir='ltr'>foliorum</span> <span class='ocrx_word' id='word_1_174' title='bbox 857 2012 961 2055; x_wconf 93' lang='lat' dir='ltr'>sucum</span> <span class='ocrx_word' id='word_1_175' title='bbox 994 1994 1195 2055; x_wconf 84' lang='lat' dir='ltr'>infunderem</span> 
     </span>
     <span class='ocr_line' id='line_1_22' title="bbox 137 2085 1155 2147; baseline -0.004 0"><span class='ocrx_word' id='word_1_176' title='bbox 137 2085 185 2147; x_wconf 90' lang='lat' dir='ltr'>vel</span> <span class='ocrx_word' id='word_1_177' title='bbox 217 2093 302 2147; x_wconf 90' lang='lat' dir='ltr'>rutae</span> <span class='ocrx_word' id='word_1_178' title='bbox 336 2105 441 2147; x_wconf 91' lang='lat' dir='ltr'>sucum</span> <span class='ocrx_word' id='word_1_179' title='bbox 474 2092 525 2146; x_wconf 89' lang='lat' dir='ltr'>aut</span> <span class='ocrx_word' id='word_1_180' title='bbox 558 2087 622 2145; x_wconf 92' lang='lat' dir='ltr'>eius</span> <span class='ocrx_word' id='word_1_181' title='bbox 657 2102 758 2144; x_wconf 91' lang='lat' dir='ltr'>semen</span> <span class='ocrx_word' id='word_1_182' title='bbox 791 2086 895 2143; x_wconf 90' lang='lat' dir='ltr'>tritum</span> <span class='ocrx_word' id='word_1_183' title='bbox 929 2102 997 2142; x_wconf 87' lang='lat' dir='ltr'>curn</span> <span class='ocrx_word' id='word_1_184' title='bbox 1027 2101 1094 2143; x_wconf 91' lang='lat' dir='ltr'>rosa</span> <span class='ocrx_word' id='word_1_185' title='bbox 1124 2092 1155 2144; x_wconf 93' lang='lat' dir='ltr'>et</span> 
     </span>
     <span class='ocr_line' id='line_1_23' title="bbox 137 2172 1156 2252; baseline -0.002 -18"><span class='ocrx_word' id='word_1_186' title='bbox 137 2175 256 2236; x_wconf 89' lang='lat' dir='ltr'>lentisci</span> <span class='ocrx_word' id='word_1_187' title='bbox 279 2194 385 2236; x_wconf 92' lang='lat' dir='ltr'>sucum</span> <span class='ocrx_word' id='word_1_188' title='bbox 409 2193 476 2235; x_wconf 90' lang='lat' dir='ltr'>cum</span> <span class='ocrx_word' id='word_1_189' title='bbox 501 2192 567 2233; x_wconf 93' lang='lat' dir='ltr'>rosa</span> <span class='ocrx_word' id='word_1_190' title='bbox 591 2172 774 2252; x_wconf 80' lang='lat' dir='ltr'>amygdalino</span> <span class='ocrx_word' id='word_1_191' title='bbox 797 2176 864 2232; x_wconf 93' lang='lat' dir='ltr'>vino</span> <span class='ocrx_word' id='word_1_192' title='bbox 884 2172 1013 2232; x_wconf 82' lang='lat' dir='ltr'>admixto</span> <span class='ocrx_word' id='word_1_193' title='bbox 1037 2172 1156 2232; x_wconf 90' lang='lat' dir='ltr'>infundi</span> 
     </span>
     <span class='ocr_line' id='line_1_24' title="bbox 83 2260 1155 2341; baseline -0.001 -20"><span class='ocrx_word' id='word_1_194' title='bbox 83 2274 119 2322; x_wconf 87' lang='grc'>44</span> <span class='ocrx_word' id='word_1_195' title='bbox 138 2272 264 2341; x_wconf 91' lang='lat' dir='ltr'>oportet.</span> <span class='ocrx_word' id='word_1_196' title='bbox 312 2263 343 2322; x_wconf 92' lang='lat' dir='ltr'>Si</span> <span class='ocrx_word' id='word_1_197' title='bbox 370 2281 427 2340; x_wconf 92' lang='lat' dir='ltr'>pus</span> <span class='ocrx_word' id='word_1_198' title='bbox 451 2271 502 2322; x_wconf 88' lang='lat' dir='ltr'>aut</span> <span class='ocrx_word' id='word_1_199' title='bbox 524 2263 621 2321; x_wconf 90' lang='lat' dir='ltr'>sanies</span> <span class='ocrx_word' id='word_1_200' title='bbox 644 2260 776 2320; x_wconf 90' lang='lat' dir='ltr'>manabit</span> <span class='ocrx_word' id='word_1_201' title='bbox 799 2279 834 2320; x_wconf 84' lang='lat' dir='ltr'>ex</span> <span class='ocrx_word' id='word_1_202' title='bbox 858 2279 943 2340; x_wconf 87' lang='lat' dir='ltr'>aure,</span> <span class='ocrx_word' id='word_1_203' title='bbox 971 2261 1082 2320; x_wconf 88' lang='lat' dir='ltr'>malvae</span> <span class='ocrx_word' id='word_1_204' title='bbox 1106 2279 1155 2321; x_wconf 94' lang='lat' dir='ltr'>su·</span> 
     </span>
     <span class='ocr_line' id='line_1_25' title="bbox 138 2347 1155 2428; baseline -0.002 -17"><span class='ocrx_word' id='word_1_205' title='bbox 138 2369 207 2411; x_wconf 91' lang='lat' dir='ltr'>cum</span> <span class='ocrx_word' id='word_1_206' title='bbox 234 2352 302 2411; x_wconf 89' lang='lat' dir='ltr'>vino</span> <span class='ocrx_word' id='word_1_207' title='bbox 331 2349 514 2428; x_wconf 81' lang='lat' dir='ltr'>amygdalino</span> <span class='ocrx_word' id='word_1_208' title='bbox 542 2350 700 2410; x_wconf 85' lang='lat' dir='ltr'>inmixtum</span> <span class='ocrx_word' id='word_1_209' title='bbox 728 2347 774 2408; x_wconf 92' lang='lat' dir='ltr'>vel</span> <span class='ocrx_word' id='word_1_210' title='bbox 801 2367 873 2409; x_wconf 90' lang='lat' dir='ltr'>suco</span> <span class='ocrx_word' id='word_1_211' title='bbox 901 2367 986 2409; x_wconf 90' lang='lat' dir='ltr'>rosae</span> <span class='ocrx_word' id='word_1_212' title='bbox 1016 2349 1061 2408; x_wconf 90' lang='lat' dir='ltr'>vel</span> <span class='ocrx_word' id='word_1_213' title='bbox 1089 2349 1155 2409; x_wconf 94' lang='lat' dir='ltr'>oleo</span> 
     </span>
     <span class='ocr_line' id='line_1_26' title="bbox 139 2435 1196 2517; baseline 0.003 -20"><span class='ocrx_word' id='word_1_214' title='bbox 139 2456 260 2497; x_wconf 92' lang='lat' dir='ltr'>rosaceo</span> <span class='ocrx_word' id='word_1_215' title='bbox 293 2437 474 2516; x_wconf 88' lang='lat' dir='ltr'>tepefactum</span> <span class='ocrx_word' id='word_1_216' title='bbox 506 2435 644 2496; x_wconf 90' lang='lat' dir='ltr'>instillari</span> <span class='ocrx_word' id='word_1_217' title='bbox 675 2444 806 2516; x_wconf 88' lang='lat' dir='ltr'>oportet,</span> <span class='ocrx_word' id='word_1_218' title='bbox 844 2440 981 2517; x_wconf 87' lang='lat' dir='ltr'>protinus</span> <span class='ocrx_word' id='word_1_219' title='bbox 1015 2438 1154 2498; x_wconf 88' lang='lat' dir='ltr'>effectum</span> <span class='ocrx_word' id='word_1_220' title='bbox 1169 2457 1196 2500; x_wconf 80' lang='lat' dir='ltr'>es</span> 
     </span>
     <span class='ocr_line' id='line_1_27' title="bbox 86 2523 1156 2587; baseline 0.001 -1"><span class='ocrx_word' id='word_1_221' title='bbox 86 2539 121 2586; x_wconf 80' lang='lat'>45</span> <span class='ocrx_word' id='word_1_222' title='bbox 141 2523 301 2585; x_wconf 82' lang='lat' dir='ltr'>exhibebit.</span> <span class='ocrx_word' id='word_1_223' title='bbox 348 2525 529 2585; x_wconf 88' lang='lat' dir='ltr'>Draconteae</span> <span class='ocrx_word' id='word_1_224' title='bbox 553 2542 644 2584; x_wconf 89' lang='lat' dir='ltr'>sucus</span> <span class='ocrx_word' id='word_1_225' title='bbox 668 2533 719 2585; x_wconf 89' lang='lat' dir='ltr'>aut</span> <span class='ocrx_word' id='word_1_226' title='bbox 742 2542 844 2585; x_wconf 89' lang='lat' dir='ltr'>semen</span> <span class='ocrx_word' id='word_1_227' title='bbox 867 2528 971 2586; x_wconf 90' lang='lat' dir='ltr'>tritum</span> <span class='ocrx_word' id='word_1_228' title='bbox 995 2546 1063 2587; x_wconf 91' lang='lat' dir='ltr'>cum</span> <span class='ocrx_word' id='word_1_229' title='bbox 1087 2545 1156 2587; x_wconf 90' lang='lat' dir='ltr'>rosa</span> 
     </span>
     <span class='ocr_line' id='line_1_28' title="bbox 139 2612 1156 2692; baseline 0.002 -19"><span class='ocrx_word' id='word_1_230' title='bbox 139 2621 192 2674; x_wconf 89' lang='lat' dir='ltr'>aut</span> <span class='ocrx_word' id='word_1_231' title='bbox 221 2612 405 2692; x_wconf 80' lang='lat' dir='ltr'>amygdalino</span> <span class='ocrx_word' id='word_1_232' title='bbox 438 2615 506 2672; x_wconf 90' lang='lat' dir='ltr'>vino</span> <span class='ocrx_word' id='word_1_233' title='bbox 534 2613 665 2674; x_wconf 90' lang='lat' dir='ltr'>infusum</span> <span class='ocrx_word' id='word_1_234' title='bbox 693 2612 868 2692; x_wconf 92' lang='lat' dir='ltr'>purulentae</span> <span class='ocrx_word' id='word_1_235' title='bbox 896 2615 1046 2674; x_wconf 91' lang='lat' dir='ltr'>auriculae</span> <span class='ocrx_word' id='word_1_236' title='bbox 1078 2617 1156 2675; x_wconf 91' lang='lat' dir='ltr'>sani·</span> 
     </span>
     <span class='ocr_line' id='line_1_29' title="bbox 85 2701 1155 2780; baseline 0.002 -18"><span class='ocrx_word' id='word_1_237' title='bbox 85 2715 120 2764; x_wconf 80' lang='lat'>46</span> <span class='ocrx_word' id='word_1_238' title='bbox 141 2709 231 2762; x_wconf 89' lang='lat' dir='ltr'>tatem</span> <span class='ocrx_word' id='word_1_239' title='bbox 261 2704 465 2762; x_wconf 88' lang='lat' dir='ltr'>maturrimam</span> <span class='ocrx_word' id='word_1_240' title='bbox 497 2709 635 2780; x_wconf 90' lang='lat' dir='ltr'>praestat.</span> <span class='ocrx_word' id='word_1_241' title='bbox 682 2701 809 2763; x_wconf 88' lang='lat' dir='ltr'>Crocum</span> <span class='ocrx_word' id='word_1_242' title='bbox 841 2705 944 2764; x_wconf 91' lang='lat' dir='ltr'>tritum</span> <span class='ocrx_word' id='word_1_243' title='bbox 978 2721 1045 2763; x_wconf 92' lang='lat' dir='ltr'>cum</span> <span class='ocrx_word' id='word_1_244' title='bbox 1079 2703 1155 2764; x_wconf 90' lang='lat' dir='ltr'>lacte</span> 
     </span>
     <span class='ocr_line' id='line_1_30' title="bbox 139 2789 1156 2872; baseline 0.003 -22"><span class='ocrx_word' id='word_1_245' title='bbox 139 2789 278 2850; x_wconf 90' lang='lat' dir='ltr'>muliebri</span> <span class='ocrx_word' id='word_1_246' title='bbox 309 2792 336 2851; x_wconf 89' lang='lat' dir='ltr'>si</span> <span class='ocrx_word' id='word_1_247' title='bbox 365 2789 540 2872; x_wconf 91' lang='lat' dir='ltr'>instilletur,</span> <span class='ocrx_word' id='word_1_248' title='bbox 571 2793 682 2852; x_wconf 89' lang='lat' dir='ltr'>tumori</span> <span class='ocrx_word' id='word_1_249' title='bbox 714 2793 795 2852; x_wconf 88' lang='lat' dir='ltr'>auris</span> <span class='ocrx_word' id='word_1_250' title='bbox 827 2792 988 2871; x_wconf 91' lang='lat' dir='ltr'>plurimum</span> <span class='ocrx_word' id='word_1_251' title='bbox 1024 2792 1156 2870; x_wconf 87' lang='lat' dir='ltr'>prodest.</span> 
     </span>
     <span class='ocr_line' id='line_1_31' title="bbox 85 2877 1197 2959; baseline 0.003 -20"><span class='ocrx_word' id='word_1_252' title='bbox 85 2892 120 2940; x_wconf 77' lang='lat'>47</span> <span class='ocrx_word' id='word_1_253' title='bbox 139 2877 292 2959; x_wconf 81' lang='lat' dir='ltr'>Hysopum</span> <span class='ocrx_word' id='word_1_254' title='bbox 320 2889 479 2942; x_wconf 91' lang='lat' dir='ltr'>contusum</span> <span class='ocrx_word' id='word_1_255' title='bbox 507 2889 537 2940; x_wconf 94' lang='lat' dir='ltr'>et</span> <span class='ocrx_word' id='word_1_256' title='bbox 565 2879 727 2942; x_wconf 90' lang='lat' dir='ltr'>cribratum</span> <span class='ocrx_word' id='word_1_257' title='bbox 756 2900 824 2942; x_wconf 87' lang='lat' dir='ltr'>curn</span> <span class='ocrx_word' id='word_1_258' title='bbox 852 2889 935 2942; x_wconf 89' lang='lat' dir='ltr'>aceto</span> <span class='ocrx_word' id='word_1_259' title='bbox 964 2889 994 2940; x_wconf 92' lang='lat' dir='ltr'>et</span> <span class='ocrx_word' id='word_1_260' title='bbox 1021 2883 1100 2940; x_wconf 89' lang='lat' dir='ltr'>nitro</span> <span class='ocrx_word' id='word_1_261' title='bbox 1124 2889 1197 2942; x_wconf 82' lang='lat' dir='ltr'>etsc</span> 
     </span>
     <span class='ocr_line' id='line_1_32' title="bbox 139 2967 1153 3048; baseline 0.001 -19"><span class='ocrx_word' id='word_1_262' title='bbox 139 2967 225 3029; x_wconf 89' lang='lat' dir='ltr'>melle</span> <span class='ocrx_word' id='word_1_263' title='bbox 252 2969 385 3030; x_wconf 90' lang='lat' dir='ltr'>infusum</span> <span class='ocrx_word' id='word_1_264' title='bbox 412 2969 490 3030; x_wconf 92' lang='lat' dir='ltr'>bene</span> <span class='ocrx_word' id='word_1_265' title='bbox 524 2971 593 3030; x_wconf 91' lang='lat' dir='ltr'>facit</span> <span class='ocrx_word' id='word_1_266' title='bbox 626 2970 661 3030; x_wconf 92' lang='lat' dir='ltr'>ad</span> <span class='ocrx_word' id='word_1_267' title='bbox 691 2972 816 3032; x_wconf 92' lang='lat' dir='ltr'>tinnitus</span> <span class='ocrx_word' id='word_1_268' title='bbox 843 2971 958 3031; x_wconf 90' lang='lat' dir='ltr'>aurium</span> <span class='ocrx_word' id='word_1_269' title='bbox 987 2979 1076 3048; x_wconf 92' lang='lat' dir='ltr'>atque</span> <span class='ocrx_word' id='word_1_270' title='bbox 1110 2971 1153 3030; x_wconf 91' lang='lat' dir='ltr'>in·</span> 
     </span>
     <span class='ocr_line' id='line_1_33' title="bbox 139 3057 1154 3139; baseline 0.001 -21"><span class='ocrx_word' id='word_1_271' title='bbox 139 3057 287 3139; x_wconf 89' lang='lat' dir='ltr'>ssatioues,</span> <span class='ocrx_word' id='word_1_272' title='bbox 314 3060 365 3120; x_wconf 90' lang='lat' dir='ltr'>sed</span> <span class='ocrx_word' id='word_1_273' title='bbox 389 3059 496 3120; x_wconf 91' lang='lat' dir='ltr'>melius</span> <span class='ocrx_word' id='word_1_274' title='bbox 519 3061 544 3119; x_wconf 92' lang='lat' dir='ltr'>si</span> <span class='ocrx_word' id='word_1_275' title='bbox 568 3060 723 3138; x_wconf 80' lang='lat' dir='ltr'>cyprinum</span> <span class='ocrx_word' id='word_1_276' title='bbox 747 3058 844 3118; x_wconf 90' lang='lat' dir='ltr'>oleum</span> <span class='ocrx_word' id='word_1_277' title='bbox 868 3058 1030 3118; x_wconf 87' lang='lat' dir='ltr'>admixtum</span> <span class='ocrx_word' id='word_1_278' title='bbox 1054 3058 1154 3119; x_wconf 90' lang='lat' dir='ltr'>fuerit.</span> 
     </span>
     <span class='ocr_line' id='line_1_34' title="bbox 85 3145 1156 3224; baseline -0.001 -17"><span class='ocrx_word' id='word_1_279' title='bbox 85 3159 119 3209; x_wconf 81' lang='lat'>48</span> <span class='ocrx_word' id='word_1_280' title='bbox 139 3147 181 3208; x_wconf 81' lang='lat' dir='ltr'>Ad</span> <span class='ocrx_word' id='word_1_281' title='bbox 206 3156 340 3210; x_wconf 89' lang='lat' dir='ltr'>tumores</span> <span class='ocrx_word' id='word_1_282' title='bbox 364 3156 393 3208; x_wconf 94' lang='lat' dir='ltr'>et</span> <span class='ocrx_word' id='word_1_283' title='bbox 416 3149 451 3208; x_wconf 92' lang='lat' dir='ltr'>ad</span> <span class='ocrx_word' id='word_1_284' title='bbox 476 3147 594 3207; x_wconf 90' lang='lat' dir='ltr'>dolores</span> <span class='ocrx_word' id='word_1_285' title='bbox 617 3149 697 3206; x_wconf 89' lang='lat' dir='ltr'>auris</span> <span class='ocrx_word' id='word_1_286' title='bbox 720 3145 842 3224; x_wconf 90' lang='lat' dir='ltr'>prodest</span> <span class='ocrx_word' id='word_1_287' title='bbox 864 3148 946 3205; x_wconf 91' lang='lat' dir='ltr'>croci</span> <span class='ocrx_word' id='word_1_288' title='bbox 969 3153 998 3206; x_wconf 92' lang='lat' dir='ltr'>et</span> <span class='ocrx_word' id='word_1_289' title='bbox 1021 3148 1081 3224; x_wconf 92' lang='lat' dir='ltr'>opii</span> <span class='ocrx_word' id='word_1_290' title='bbox 1100 3165 1156 3224; x_wconf 92' lang='lat' dir='ltr'>par</span> 
     </span>
     <span class='ocr_line' id='line_1_35' title="bbox 86 3233 1154 3315; baseline 0 -20"><span class='ocrx_word' id='word_1_291' title='bbox 86 3248 119 3296; x_wconf 85' lang='grc'>49</span> <span class='ocrx_word' id='word_1_292' title='bbox 139 3237 256 3315; x_wconf 89' lang='lat' dir='ltr'>pondus</span> <span class='ocrx_word' id='word_1_293' title='bbox 280 3256 316 3298; x_wconf 86' lang='lat' dir='ltr'>ex</span> <span class='ocrx_word' id='word_1_294' title='bbox 340 3255 415 3315; x_wconf 90' lang='lat' dir='ltr'>aqua</span> <span class='ocrx_word' id='word_1_295' title='bbox 439 3237 543 3295; x_wconf 89' lang='lat' dir='ltr'>tritum</span> <span class='ocrx_word' id='word_1_296' title='bbox 567 3244 618 3294; x_wconf 89' lang='lat' dir='ltr'>aut</span> <span class='ocrx_word' id='word_1_297' title='bbox 641 3251 676 3293; x_wconf 86' lang='lat' dir='ltr'>ex</span> <span class='ocrx_word' id='word_1_298' title='bbox 700 3236 768 3293; x_wconf 88' lang='lat' dir='ltr'>vino</span> <span class='ocrx_word' id='word_1_299' title='bbox 792 3236 874 3294; x_wconf 91' lang='lat' dir='ltr'>tenui</span> <span class='ocrx_word' id='word_1_300' title='bbox 898 3235 1038 3295; x_wconf 89' lang='lat' dir='ltr'>infusum.</span> <span class='ocrx_word' id='word_1_301' title='bbox 1076 3233 1154 3313; x_wconf 89' lang='lat' dir='ltr'>Opo-</span> 
     </span>
    </p>
   </div>
   <div class='ocr_carea' id='block_1_3' title="bbox 138 3368 1152 3582">
    <p class='ocr_par' dir='ltr' id='par_1_3' title="bbox 138 3368 1152 3582">
     <span class='ocr_line' id='line_1_36' title="bbox 211 3368 1152 3437; baseline 0.001 -14"><span class='ocrx_word' id='word_1_302' title='bbox 211 3369 336 3423; x_wconf 68' lang='lat' dir='ltr'>irubici</span> <span class='ocrx_word' id='word_1_303' title='bbox 355 3368 505 3423; x_wconf 83' lang='lat' dir='ltr'>senobidis.</span> <span class='ocrx_word' id='word_1_304' title='bbox 560 3368 718 3437; x_wconf 76' lang='lat' dir='ltr'>opustelli.</span> <span class='ocrx_word' id='word_1_305' title='bbox 774 3368 922 3437; x_wconf 82' lang='lat' dir='ltr'>8oportit.</span> <span class='ocrx_word' id='word_1_306' title='bbox 975 3369 1152 3425; x_wconf 81' lang='lat' dir='ltr'>9inferetur.</span> 
     </span>
     <span class='ocr_line' id='line_1_37' title="bbox 141 3438 1152 3509; baseline 0.002 -17"><span class='ocrx_word' id='word_1_307' title='bbox 141 3446 173 3494; x_wconf 72' lang='lat' dir='ltr'>lt</span> <span class='ocrx_word' id='word_1_308' title='bbox 193 3455 338 3494; x_wconf 85' lang='lat' dir='ltr'>rosaceum</span> <span class='ocrx_word' id='word_1_309' title='bbox 356 3445 406 3493; x_wconf 86' lang='lat' dir='ltr'>1m</span> <span class='ocrx_word' id='word_1_310' title='bbox 424 3438 562 3493; x_wconf 82' lang='lat' dir='ltr'>rosecium</span> <span class='ocrx_word' id='word_1_311' title='bbox 581 3444 643 3494; x_wconf 78' lang='lat' dir='ltr'>2m.</span> <span class='ocrx_word' id='word_1_312' title='bbox 722 3445 754 3493; x_wconf 80' lang='lat'>1³</span> <span class='ocrx_word' id='word_1_313' title='bbox 775 3455 927 3509; x_wconf 85' lang='lat' dir='ltr'>caprunum</span> <span class='ocrx_word' id='word_1_314' title='bbox 947 3445 995 3494; x_wconf 75' lang='lat' dir='ltr'>lm</span> <span class='ocrx_word' id='word_1_315' title='bbox 1013 3456 1152 3508; x_wconf 82' lang='lat' dir='ltr'>aprunum</span> 
     </span>
     <span class='ocr_line' id='line_1_38' title="bbox 138 3508 1152 3582; baseline 0.004 -18"><span class='ocrx_word' id='word_1_316' title='bbox 138 3513 198 3566; x_wconf 77' lang='lat' dir='ltr'>2m.</span> <span class='ocrx_word' id='word_1_317' title='bbox 247 3516 288 3564; x_wconf 80' lang='grc'>’17</span> <span class='ocrx_word' id='word_1_318' title='bbox 309 3510 398 3565; x_wconf 81' lang='lat' dir='ltr'>astlae</span> <span class='ocrx_word' id='word_1_319' title='bbox 417 3509 506 3580; x_wconf 77' lang='lat' dir='ltr'>rigiee</span> <span class='ocrx_word' id='word_1_320' title='bbox 525 3508 641 3565; x_wconf 77' lang='lat' dir='ltr'>radices.</span> <span class='ocrx_word' id='word_1_321' title='bbox 696 3515 731 3565; x_wconf 74' lang='lat' dir='ltr'>et</span> <span class='ocrx_word' id='word_1_322' title='bbox 748 3510 871 3565; x_wconf 87' lang='lat' dir='ltr'>infusum</span> <span class='ocrx_word' id='word_1_323' title='bbox 889 3510 1005 3580; x_wconf 78' lang='lat' dir='ltr'>prodest</span> <span class='ocrx_word' id='word_1_324' title='bbox 1022 3513 1152 3582; x_wconf 81' lang='lat' dir='ltr'>(repetit).</span> 
     </span>
    </p>
   </div>
   <div class='ocr_carea' id='block_1_4' title="bbox 0 0 1231 3802">
    <p class='ocr_par' dir='ltr' id='par_1_4' title="bbox 0 0 1231 3802">
     <span class='ocr_line' id='line_1_39' title="bbox 0 0 1231 3802; baseline 0 0"><span class='ocrx_word' id='word_1_325' title='bbox 0 0 1231 3802; x_wconf 95' lang='lat' dir='ltr'> </span> 
     </span>
    </p>
   </div>
  </div>
 </body>
</html>
