2438 3802
505 128 747 194 —280-

120 293 202 353 croci
229 284 346 378 2111,
374 308 490 370 myrrae
518 288 724 370 troglodytidis
748 281 788 375 ,Q
811 286 860 350 lll.
905 286 1034 366 Colliges
1062 284 1136 349 haec

120 399 189 442 cum
208 398 284 460 aqua
303 388 440 441 autenm
459 381 527 440 vino
545 386 669 459 myrteo,
692 378 723 438 id
743 385 789 438 est
806 379 838 437 iu
858 394 916 457 quo
935 377 1026 456 myrti
1045 372 1137 437 bacae

121 472 263 531 coxerint.
300 468 363 529 lloc
386 470 484 546 ipsum
508 468 757 528 medicamentum
776 467 874 526 ventri
893 465 1073 546 adpositum,
1096 467 1138 526 ita

120 567 155 621 ut
179 566 280 620 ceroto
304 558 432 636 myrtino
456 555 625 636 colligatur,
653 555 801 635 epithema
825 555 1015 635 dysintericis
1047 556 1138 633 aptis·

120 650 229 709 simum
253 653 307 707 est.
1151 656 1164 698 s

65 747 101 796 33
211 735 351 794 Termine
369 732 551 812 patientibus
569 732 656 793 multi
674 740 808 793 ventrem
827 733 951 792 viventis
972 734 1070 792 anatis
1090 733 1140 793 ad·

121 831 238 902 ponunt
265 822 454 882 adfirmantes
482 824 609 882 transire
637 820 775 882 morbum
802 821 839 880 ad
866 828 982 880 anatem
1011 839 1140 901 eamque

122 912 211 990 mori,
236 909 315 989 quod
338 911 365 969 si
387 910 607 989 verpertiliouis
626 911 769 990 sanguine
787 916 923 969 ventrem
942 908 1058 970 oblinas
1078 919 1139 970 tor·

68 1011 104 1060 34
122 1000 240 1078 miuosi,
263 1000 294 1058 iu
318 1016 405 1058 omne
427 1007 546 1078 tempus
570 999 671 1060 dolore
694 997 848 1059 relevabis.
886 997 918 1057 Si
939 999 971 1058 in
990 1016 1069 1077 aqua
1090 999 1141 1059 iri·

123 1087 190 1167 gida
218 1087 419 1167 dysintericos
446 1088 538 1167 pedes
566 1105 661 1168 usque
690 1087 726 1147 ad
750 1085 887 1166 genicula
909 1094 1012 1166 ponat,
1036 1087 1093 1148 sed
1116 1090 1143 1148 si
1156 1100 1180 1140 1⁰

123 1195 184 1238 non
207 1175 397 1257 febricitabit,
422 1184 452 1237 et
475 1177 599 1237 devino
619 1183 738 1237 austero
756 1177 909 1254 potionem
928 1175 1142 1236 calidissimam

123 1265 215 1346 bibat,
239 1268 298 1326 cito
322 1264 483 1327 sanabitur.

70 1371 104 1420 35
213 1354 365 1415 Confectio
384 1355 589 1415 medicaminis
603 1354 672 1413 miri
686 1352 844 1413 adversum
859 1351 1067 1432 dysinteriam:
1087 1352 1143 1414 Te·

124 1452 200 1504 stam
224 1443 369 1523 locustae,
394 1442 424 1502 id
448 1450 494 1502 est
516 1441 597 1502 illam
620 1444 770 1520 spinosam
792 1441 839 1501 vel
862 1440 1038 1521 aculeatam,
1064 1460 1143 1520 quae

125 1541 171 1593 est
197 1534 280 1592 iuxta
308 1539 410 1609 caput,
439 1529 587 1591 conbures
616 1530 709 1591 nitide
738 1539 768 1591 et
795 1537 899 1608 postea
927 1538 1020 1610 teres,
1049 1538 1087 1591 ut
1111 1533 1182 1591 in1⁵

125 1622 335 1682 tenuissimum
357 1619 511 1697 pulverem
530 1618 657 1699 redigas
680 1626 711 1678 et
730 1621 773 1679 sic
793 1620 829 1699 ei,
854 1619 906 1697 qui
924 1620 1037 1679 ventris
1056 1618 1144 1680 fluxu

126 1709 172 1769 vel
200 1727 305 1770 rosnra
332 1707 491 1789 laborabit,
519 1725 555 1767 ex
582 1708 650 1767 vino
674 1713 788 1788 vetere,
817 1709 843 1767 si
866 1725 926 1767 non
949 1706 1144 1789 febricitabit,

126 1806 177 1859 aut
205 1800 231 1858 si
257 1796 421 1878 inaequalis
448 1799 519 1877 erit,
553 1814 590 1856 ex
618 1793 711 1856 calida
739 1813 814 1874 aqua
843 1795 939 1877 dabis,
969 1798 1010 1856 ita
1041 1804 1077 1856 ut
1107 1797 1144 1858 de

126 1886 251 1965 siugulis
280 1886 404 1948 locustis
432 1893 524 1946 testas
551 1883 682 1964 singulas
709 1886 841 1962 integras
867 1892 985 1945 exustas
1008 1903 1064 1964 per
1089 1888 1145 1946 tri·

127 1976 219 2036 duum
242 1974 340 2056 bibat3
363 1976 438 2035 mire
462 1974 623 2034 sanabitur.
1159 1987 1185 2027 so

72 2079 107 2127 36
216 2063 311 2124 Mollis
333 2063 492 2144 heminam,
515 2064 576 2123 vini
594 2064 703 2122 veteris
722 2062 893 2142 sextarium,
917 2063 1030 2141 piperis
1049 2080 1145 2140 grana

126 2155 255 2215 ducenta
278 2161 359 2212 teres
383 2151 540 2232 diligenter
564 2158 594 2210 et
616 2150 769 2211 conditum
790 2168 826 2209 ex
845 2150 892 2210 his
910 2149 1008 2210 tribus
1027 2153 1145 2229 specie·

127 2242 183 2303 bus
203 2242 294 2301 iacies
313 2247 343 2300 et
359 2242 459 2300 ieiuno
474 2240 654 2318 dysinterico
674 2257 760 2298 mane
777 2238 918 2299 moralem
935 2238 1057 2299 calicem
1072 2240 1144 2300 eali·

127 2331 198 2390 dum
221 2329 343 2408 plenum
367 2326 459 2407 dabis,
484 2328 583 2386 statim
606 2327 753 2407 proderit3
777 2327 830 2386 sed
854 2329 880 2386 si
898 2345 1020 2388 necesse
1041 2327 1145 2410 luerit,

128 2436 163 2476 ex
188 2435 222 2475 eo
246 2414 366 2474 condito
389 2417 488 2493 ipsum
510 2414 632 2492 plenum
654 2415 794 2476 meralem
818 2433 872 2495 per
895 2415 1027 2476 triduum
1048 2416 1144 2478 dabis.
1159 2427 1186 2469 25

74 2519 108 2567 37
217 2503 316 2562 Laetis
340 2504 464 2581 capruni
485 2504 584 2562 statim
602 2503 691 2563 mulsi
710 2503 814 2582 grandi
832 2506 947 2582 potioni
965 2504 1085 2564 additur
1106 2506 1144 2566 de

131 2591 254 2670 coagulo
281 2589 408 2650 haedino
435 2591 593 2672 frustrum,
622 2600 765 2671 quantum
790 2592 919 2653 avellana
943 2592 1063 2671 grandis
1087 2603 1145 2676 est,

128 2679 208 2760 quod
236 2679 337 2757 digitis
365 2679 534 2742 medicinali
562 2688 592 2741 et
620 2681 726 2760 pollice
761 2680 910 2742 sublatum
937 2681 983 2742 vel
1016 2684 1144 2743 missum

128 2769 234 2830 iisdem
253 2769 353 2846 digitis
373 2775 614 2848 contemperatur
633 2778 664 2831 et
682 2769 769 2831 datur
787 2769 933 2830 laboranti
952 2770 1145 2853 dysinterico,

129 2859 200 2920 dum
219 2858 316 2919 adhuc
335 2857 411 2918 calet
429 2857 483 2941 lac,
507 2866 665 2938 antequam
684 2858 734 2920 illo
754 2857 876 2938 coagulo
896 2861 1069 2937 stringatur,
1088 2879 1147 2939 per
1161 2871 1187 2912 ³⁰

129 2948 277 3029 triduum3
296 2946 369 3008 baec
384 2949 465 3026 potio
480 2949 580 3008 ieiuno
595 2947 715 3008 dabitur
729 2956 832 3008 contra
847 2949 991 3009 orientem
1006 2946 1146 3011 bibenda.

76 3049 111 3099 38
220 3035 381 3098 Surculum
400 3037 437 3097 de
456 3055 558 3097 ceraso
578 3036 709 3097 silvatica
728 3053 836 3096 exures
855 3043 885 3095 et
904 3035 940 3096 de
960 3043 1035 3096 testa
1050 3040 1147 3098 ostrei

130 3143 224 3205 aeque
252 3126 342 3186 facies
371 3125 553 3205 paribusque
580 3126 730 3185 mensuris
761 3122 914 3202 pulverem
942 3127 1046 3185 tritum
1075 3143 1146 3187 cum

222 3285 234 3332 1
255 3278 357 3332 mirrea
376 3276 569 3347 trogloditis
638 3274 758 3330 imirti.
849 3281 864 3329 3
885 3276 1021 3348 coxerint]
1045 3281 1146 3334 coctus

130 3347 236 3404 fuerint
256 3348 415 3404 Ooruurius.
508 3353 524 3402 8
543 3344 770 3416 vespertilliouis.
863 3352 895 3401 17
915 3364 1012 3402 rosure
1030 3351 1147 3419 scripsi:

129 3436 236 3474 rasura.
284 3423 316 3473 19
335 3418 464 3488 lugnstis.
511 3423 545 3473 26
564 3433 710 3487 ceprunus.
748 3422 781 3472 27
802 3419 933 3488 quagulo.
971 3425 1005 3474 29
1024 3419 1145 3478 hisdem.

130 3495 165 3544 30
184 3489 315 3559 quogulo.
389 3494 422 3543 32
442 3487 584 3542 surculum
602 3489 714 3558 scripsi:
733 3485 868 3543 sucinum.
