2438 3802
398 176 727 240 >-235-

102 361 137 402 ea
162 340 302 418 malagma
327 339 437 399 lactum
462 339 565 419 luerit,
593 338 712 399 rubrica
737 339 887 399 coloratur
911 346 941 399 et
964 341 1117 418 inponitur

103 439 192 508 atque
219 428 317 489 tribus
345 427 428 487 horis
456 426 596 507 babetur,
623 436 692 505 post
720 427 777 487 hoc
801 429 832 487 in
856 427 1005 489 balineum
1028 427 1116 489 homo

102 519 223 579 ducitur
247 525 276 578 et
299 516 373 576 solio
397 516 448 575 diu
472 516 597 576 fovetur.

192 607 277 666 Aeris
295 605 399 665 florem
418 607 523 665 tritum
542 604 618 665 bene
637 623 706 665 oum
725 606 822 683 sinapi
842 613 893 665 aut
912 606 1001 666 etiam
1021 605 1116 667 solum
1137 616 1170 664 17

76 698 205 756 omittes
227 696 259 755 in
282 701 400 754 acetum
424 693 571 772 simulque
595 695 626 753 in
649 693 804 754 buoculari
827 693 976 773 decoques
999 697 1053 776 ita,
1084 706 1118 756 ut

104 783 285 863 aliquamdiu
317 781 377 842 illic
410 781 535 843 bulliant
569 791 599 842 et
631 783 666 843 ad
699 782 924 842 similitudinem
955 782 1116 861 pulticulae

104 875 286 952 spissentur3
312 878 416 950 postea
444 873 475 930 in
503 873 654 930 vaccinam
677 873 820 932 vessicam
846 871 939 931 calida
964 890 998 932 ea
1021 881 1116 933 trans·

103 962 182 1021 seres
205 963 254 1041 ita,
278 969 312 1020 ut
335 958 452 1020 duobus
476 959 576 1038 digitis
599 959 709 1039 liquori
727 960 797 1020 huic
818 962 931 1021 vessica
950 963 1044 1021 maior
1064 963 1116 1043 sit3

101 1058 165 1111 tum
185 1048 282 1128 spleni
301 1051 373 1108 satis
393 1048 520 1109 calidum
539 1048 722 1108 medicamen
739 1049 878 1128 adpones,
897 1048 1002 1127 ligabis
1017 1050 1116 1131 fascia,

61 1157 87 1197 ao
102 1141 189 1199 tertia
214 1138 261 1198 die
286 1137 390 1216 solves,
413 1136 543 1196 mirabili
565 1136 761 1216 gratulaberis
785 1137 925 1197 remedio.

190 1227 310 1286 Guttam
330 1227 505 1285 ammoniaci
523 1228 554 1285 in
568 1234 685 1286 acetum
701 1225 870 1286 scilliticum
884 1226 1033 1306 infundes,
1048 1234 1116 1304 post
1136 1234 1169 1282 18

102 1315 225 1376 biduum
253 1317 294 1375 ita
322 1322 416 1394 teres,
444 1322 478 1374 ut
505 1316 536 1374 in
564 1333 661 1393 panno
689 1317 784 1392 possit
811 1314 934 1394 induci,
956 1332 1014 1393 quo
1038 1316 1116 1374 lacto

102 1404 199 1483 spleni
216 1403 347 1482 adpones
368 1410 398 1462 et
417 1403 512 1462 lascea
532 1402 690 1481 diligenter
708 1402 813 1481 ligabis
828 1409 858 1462 et
872 1404 966 1462 uteris
980 1409 1041 1462 tam
1057 1403 1116 1483 diu,

102 1493 197 1553 donec
219 1510 274 1570 per
297 1509 329 1551 se
353 1497 544 1551 consumatur
568 1498 598 1551 et
621 1493 685 1551 sine
709 1490 814 1552 balneo
838 1489 1053 1568 abstergeatur,

60 1599 88 1641 15
190 1581 233 1640 Ad
254 1579 365 1659 splenis
385 1579 517 1640 dolorem
534 1582 775 1657 expertissimum
789 1579 955 1640 remedium
970 1581 1027 1651 sicg
1047 1578 1114 1638 Car·
1136 1587 1168 1635 19

101 1671 239 1749 damomi,
257 1668 401 1750 pyrethri,
420 1670 540 1748 sinapiS,
560 1670 637 1728 turis
654 1668 787 1748 masculi,
802 1668 969 1746 aphronitri
983 1667 1117 1746 aequalia

101 1759 233 1836 pondera
252 1757 289 1817 de
309 1756 433 1834 singulis
453 1756 611 1834 speciebus
631 1758 797 1818 contundes
816 1768 846 1816 ct
861 1775 971 1835 coques
986 1759 1017 1816 in
1032 1763 1115 1816 aceto

102 1847 239 1906 scillitico
253 1855 283 1906 et
297 1849 327 1906 in
342 1864 435 1906 unum
449 1845 590 1906 miscebis
609 1845 777 1927 locumque,
796 1849 844 1906 cui
864 1846 1047 1905 medicamen
1067 1845 1115 1904 ad·

103 1953 205 2015 pones,
219 1935 405 2014 frequentius
421 1933 590 2012 detergebis
604 1943 634 1994 et
644 1935 812 2012 adpositum
822 1952 908 1993 mane
919 1934 1115 1994 medicamen·

61 2042 88 2082 eo
104 2033 166 2083 tum
180 2025 211 2084 in
225 2023 328 2084 horam
343 2025 499 2101 septimam
515 2041 581 2082 esse
596 2025 732 2103 patieris3
747 2030 850 2100 postea
865 2040 942 2101 enm,
958 2024 1008 2082 cui
1018 2021 1115 2082 mede-

102 2112 183 2186 bere,
192 2113 229 2173 ad
239 2111 370 2173 balineas
379 2114 423 2171 ire
433 2113 696 2190 praecipiesatqne
707 2114 739 2172 in
749 2110 843 2171 calida
853 2109 904 2170 diu
913 2111 1006 2170 foveri
1016 2111 1115 2170 iacies.

190 2201 234 2261 Ad
254 2201 387 2280 splenem
406 2200 572 2261 remedium
590 2202 700 2260 mirum
719 2202 776 2260 sic:
799 2199 878 2260 Picis
897 2199 989 2260 durae
1004 2201 1115 2278 optime
1135 2206 1169 2254 2ο

102 2292 189 2350 tritae
216 2323 253 2333 -
275 2289 288 2348 l
311 2298 341 2350 et
364 2292 440 2350 costi
463 2292 526 2350 triti
553 2321 590 2331 -
612 2288 638 2348 ll
665 2287 861 2368 permiscebis
885 2296 914 2348 et
938 2307 974 2348 ex
998 2307 1033 2348 eo
1057 2289 1115 2347 sin-

101 2378 186 2457 gulas
213 2372 350 2458 potiones
379 2397 414 2437 ex
444 2381 511 2438 vino
539 2386 639 2439 vetere
667 2397 753 2438 mane
780 2379 881 2438 ieiuno
905 2376 1116 2456 pertriduum

60 2467 195 2547 sedabis,
218 2469 259 2527 ita
282 2468 369 2526 utin
394 2469 515 2527 sinistro
539 2467 630 2528 latere
654 2469 706 2547 qni
729 2469 838 2546 accipit
861 2467 912 2526 diu
936 2468 1038 2526 iaceat.

191 2555 235 2615 ld
260 2555 371 2634 splenis
395 2555 527 2616 dolorem
551 2556 717 2617 remedium
740 2557 844 2616 efficax
868 2557 924 2616 sio:
948 2554 1053 2635 Gallas,
1077 2554 1114 2614 de
1136 2561 1169 2610 21

103 2643 212 2722 quibus
240 2652 415 2704 encaustum
443 2645 489 2724 tit,
519 2653 644 2723 quantas
672 2645 801 2705 volueris
828 2662 906 2722 pone
934 2661 1025 2722 super
1053 2661 1117 2703 car-

102 2732 195 2793 bones
219 2735 301 2792 vivos
324 2740 355 2792 et
378 2751 486 2792 exures
509 2751 569 2792 non
592 2735 693 2813 nimie,
716 2735 757 2792 ita
780 2741 814 2792 ut
832 2732 985 2810 pulverem
1004 2731 1041 2790 de
1060 2731 1116 2811 his,

103 2823 134 2880 in
153 2840 216 2900 ‚quo
240 2823 279 2881 sit
303 2820 410 2900 aliquis
434 2837 522 2898 sapor
545 2819 702 2900 gallarum,
730 2822 828 2880 lacere
852 2821 963 2899 possis3
992 2819 1029 2878 de
1058 2838 1116 2896 quo

60 2928 88 2970 oo
103 2909 224 2989 pulvere
254 2911 364 2989 optime
390 2911 461 2968 trito
485 2907 619 2966 cocleare
642 2907 764 2985 plenum
787 2909 887 2967 mittes
910 2908 941 2964 in
965 2907 1118 2982 potionem

102 3001 164 3059 vini
186 2997 381 3058 vetustissimi
404 3003 434 3056 et
456 3002 585 3073 potetur.

192 3087 280 3148 Ebuli
300 3087 418 3147 contusi
437 3102 542 3144 sucum
562 3083 707 3144 coclearia
726 3084 783 3142 tria
802 3100 837 3142 ex
852 3083 914 3140 vini
928 3082 1038 3141 veteris
1053 3098 1117 3159 cya-
1137 3089 1171 3136 22

103 3175 164 3236 this
182 3176 279 3236 tribus
298 3193 353 3253 per
372 3174 505 3234 triduum
525 3173 561 3232 da
575 3173 689 3232 lienoso
704 3170 875 3245 bibendum,
894 3171 934 3230 ita
950 3178 983 3230 ut
998 3168 1119 3229 ebulum

104 3282 223 3344 semper
243 3282 345 3324 secum
363 3263 469 3323 habeat
487 3265 537 3341 qui
552 3262 717 3323 remedium
733 3261 840 3339 accipit
854 3278 910 3320 nec
924 3267 1005 3319 terra
1020 3260 1119 3337 ipsum

61 3371 89 3413 aa
104 3352 224 3414 ebulum
249 3354 399 3412 ferrumve
422 3359 531 3430 tangat.

196 3545 229 3595 13
247 3539 351 3608 fascea,
370 3540 410 3595 eie
427 3539 452 3593 b.
473 3539 490 3594 t.
512 3536 675 3598 Carnarius.
703 3578 707 3585 -
