2438 3802
482 144 721 208 -103-

93 311 160 369 sine
179 306 363 368 dubitatione
382 305 506 366 sanabit.
545 306 649 366 Salicis
669 323 760 366 sucus
779 305 916 367 loliorum
936 326 1005 368 cum
1024 325 1108 368 rosae
1129 321 1162 371 86

92 415 167 458 suco
191 405 241 457 aut
265 413 386 456 rosaceo
410 394 475 455 oleo
498 397 529 455 in
554 397 665 455 cortice
688 394 758 454 mali
776 394 881 455 Punici
900 395 1060 457 calefactus
1080 404 1110 457 et

90 484 244 548 auriculae
263 484 376 545 inditus
395 485 470 543 mire
495 486 652 544 succurrit.
695 483 793 544 Gallae
816 501 853 544 ex
877 485 944 543 vino
969 484 1109 545 decoctae
1128 498 1162 548 87

91 593 181 636 umor
203 573 364 635 instillatus
387 572 546 651 auriculae,
569 590 605 632 ex
629 591 686 651 qua
711 575 808 633 sanies
827 573 901 651 fluit,
926 575 1014 633 etiam
1034 592 1109 651 quae

61 665 207 725 uiuerint
237 661 397 741 purulenta
424 661 571 740 purgabit.
618 660 727 722 Resiua
755 661 957 722 terebinthina
985 665 1109 722 remissa
1128 673 1162 723 88

93 752 209 813 adiecto
237 749 376 811 muliebri
403 748 479 809 lacte
508 749 648 810 instillata
672 759 774 829 ruptas
798 750 946 811 auriculas
970 759 1109 829 potenter

95 849 190 900 sanat.
232 839 324 899 Nucis
351 837 498 916 iuglandis
526 838 663 899 loliorum
693 858 784 900 sucus
807 840 926 918 tepidus
948 839 1108 901 instillatus
1128 852 1161 902 89

95 927 209 989 dolenti
234 927 382 988 auriculae
409 928 485 986 mire
513 927 655 1005 proderit.
701 927 816 1007 Myrrae
845 930 933 990 tritae
960 931 1109 991 victoriati
1127 941 1161 991 90

93 1018 229 1096 argentei
254 1017 371 1094 pondus
399 1026 429 1076 et
456 1016 538 1076 lanae
567 1016 687 1076 sucidae
715 1035 775 1077 non
802 1025 921 1096 carptae
945 1018 1108 1078 conbustae

51 1121 78 1161 ιο
92 1105 225 1186 pulveris
245 1105 419 1166 tantundem
440 1105 539 1165 inluso
556 1123 644 1184 passo
659 1105 776 1166 Cretico
795 1106 884 1166 simul
901 1109 998 1187 terito,
1014 1107 1109 1167 donec

91 1195 127 1256 ad
144 1194 372 1255 crassitudinem
388 1193 483 1254 mellis
497 1194 628 1274 redigas,
642 1203 705 1254 tum
720 1193 896 1254 calefactum
908 1213 962 1273 per
975 1194 1108 1254 triduum
1174 1199 1176 1203 '

92 1282 243 1344 auriculae
266 1283 424 1363 inlundito,
449 1291 553 1361 quarta
577 1283 625 1342 die
649 1300 749 1342 sanam
774 1282 886 1342 elficies
909 1292 939 1342 et
960 1283 1107 1343 mirabere

92 1389 231 1451 magnum
259 1372 432 1432 remedium.
479 1370 569 1431 Turis
604 1368 743 1450 masculi,
775 1388 890 1449 myrrae
923 1370 1108 1452 troglodytis,
1127 1383 1160 1434 91

91 1463 175 1522 croci
198 1460 314 1539 Corycii
337 1459 512 1520 tantundem
536 1459 690 1540 ponderis,
718 1477 830 1519 nucum
854 1477 973 1538 quoque
997 1476 1107 1519 amara·

50 1563 77 1604 1e
91 1568 159 1610 rum
178 1549 352 1609 tantundem
372 1547 525 1628 miscebis3
549 1548 599 1608 sed
622 1550 719 1608 omnia
739 1547 773 1607 ad
795 1566 940 1610 summam
959 1547 1108 1608 levitatem

92 1640 221 1699 contrita
240 1637 354 1698 adiecto
369 1645 453 1697 aceto
468 1637 657 1716 temperabis,
676 1639 716 1697 ita
731 1645 765 1697 ut
779 1637 961 1698 medicamen
977 1637 1013 1696 ad
1029 1655 1108 1697 cras·

92 1727 253 1788 citudinem
281 1726 388 1806 liquidi
415 1725 511 1786 mellis
536 1726 679 1806 adducas,
707 1734 770 1786 turn
797 1729 827 1786 in
851 1725 989 1804 pyxidem
1013 1724 1108 1804 plum·

91 1815 178 1877 boam
197 1815 372 1876 transiunde
391 1822 479 1893 atque
497 1814 558 1875 illic
578 1814 633 1875 sub
653 1814 804 1893 signaculo
824 1815 976 1875 conditum
990 1813 1107 1876 habeto.

91 1903 167 1965 Cum
191 1922 267 1982 opus
290 1904 389 1984 luerit,
412 1912 537 1982 purgata
560 1905 645 1982 prius
668 1902 800 1963 auricula
824 1911 922 1981 utere,
950 1905 990 1964 ita
1015 1911 1049 1964 ut
1072 1923 1108 1964 ex

49 2006 128 2055 roeo
156 1991 285 2053 lanulam
313 1992 507 2053 madefactam
539 1994 663 2052 inseras.
712 1991 775 2052 Hoc
806 1991 915 2052 auxilio
945 2011 1042 2072 usque
1070 1993 1106 2052 ad

91 2083 255 2162 perlectam
283 2084 439 2142 sanitatem
467 2083 512 2141 uti
535 2083 661 2162 poteris3
690 2097 817 2158 namque
846 2098 904 2140 non
934 2081 1028 2141 solum
1058 2080 1108 2140 do·

91 2173 171 2232 lores
199 2173 329 2250 aurium,
357 2171 410 2231 sed
439 2179 470 2230 et
498 2177 598 2230 vetera
626 2179 656 2230 et
682 2168 842 2249 purulenta
865 2170 936 2229 vitia
964 2171 1107 2248 potentis·

91 2263 166 2321 sime
190 2267 334 2338 expurgat
362 2268 392 2320 et
416 2267 507 2320 sanat.
554 2258 716 2319 Galbanum
740 2277 808 2319 rosa
835 2257 947 2338 liquida
974 2266 1026 2318 aut
1053 2275 1106 2319 un·
1126 2271 1160 2320 92

91 2356 202 2428 guento
230 2349 355 2408 nardino
379 2348 544 2410 delibutum
569 2348 804 2428 instillatumque
832 2347 965 2409 dolorem
989 2350 1107 2410 aurium

48 2450 76 2493 aa
90 2437 172 2498 lenit.
219 2437 344 2498 Alumen
373 2437 469 2498 mulso
496 2439 607 2517 optimo
635 2437 762 2498 dilutum
790 2442 820 2498 et
843 2436 908 2498 lana
931 2437 1106 2500 instillatum
1126 2450 1159 2500 93

90 2525 225 2588 dolorem
248 2529 365 2587 aurium
389 2535 481 2587 sanat.
518 2526 647 2588 Gallinae
671 2526 762 2604 adeps
781 2525 939 2604 liquefacta
959 2534 989 2588 et
1007 2528 1107 2607 tepide
1125 2539 1160 2588 94

89 2614 232 2676 instillata
260 2614 413 2693 quodlibet
441 2617 545 2676 vitium
572 2618 689 2676 aurium
718 2624 809 2676 sanat.
856 2615 930 2675 Galli
953 2616 1107 2694 gallinacei
1126 2628 1159 2678 95

90 2723 127 2764 ex
151 2703 317 2764 ventriculo
340 2705 482 2763 interiore
506 2703 690 2782 membrana,
714 2722 789 2781 quae
812 2706 908 2780 proici
931 2704 1019 2784 solet,
1043 2723 1106 2765 are·

89 2795 168 2853 lacta
191 2794 322 2871 tritaque
345 2811 381 2852 ex
404 2793 472 2852 vino
496 2791 611 2850 adiecto
634 2789 754 2868 paululo
774 2793 835 2868 opii
854 2791 1037 2852 medicamen
1056 2812 1106 2854 au·

46 2893 75 2935 ⁸0
89 2881 176 2942 ribus
204 2881 396 2942 utilissimum
422 2879 505 2957 lacit,
533 2877 611 2956 quod
641 2877 815 2938 calefactum
839 2879 971 2937 inlusum
996 2898 1106 2958 suppu-

88 2972 236 3031 rationem
270 2973 334 3032 cius
367 2972 511 3046 expurgat
542 2972 573 3025 et
605 2972 698 3024 sanat.
743 2964 841 3041 bdeps
872 2968 1008 3025 anserina
1037 2985 1107 3026 cum
1125 2980 1159 3029 96

89 3061 174 3120 croci
197 3079 269 3120 suco
293 3061 383 3119 mixta
408 3062 438 3116 et
460 3053 605 3134 tepefacta
631 3070 665 3113 ac
689 3053 732 3111 sic
755 3051 852 3111 iulusa
872 3070 977 3130 aquam
997 3062 1027 3114 et
1046 3073 1106 3115 om·

89 3167 161 3209 nem
189 3165 324 3210 timorem
352 3147 389 3207 de
417 3142 559 3205 auriculis
587 3148 690 3204 evocat
717 3148 747 3202 et
774 3147 922 3219 persanat.
968 3141 1054 3212 Quod
1081 3145 1107 3204 si

90 3255 128 3298 ex
149 3240 221 3299 ,ictu
254 3236 347 3296 aliove
375 3253 446 3296 casu
475 3233 608 3294 auricula
635 3233 736 3292 vitiata
764 3230 866 3311 luerit,
899 3238 963 3290 tum
991 3249 1046 3310 per
1073 3250 1106 3292 se

163 3442 312 3498 ainditur.
367 3439 588 3496 eterebenlina.
645 3439 764 3493 loccis.
824 3438 962 3493 dmirrae
980 3439 1044 3493 item
1063 3444 1111 3493 td.

81 3519 126 3572 ,1³
135 3511 303 3569 trocloditis.
350 3512 516 3568 18contum.
559 3515 594 3567 24
604 3508 730 3567 dilubium
739 3508 909 3570 Οοτπατὶνδ.
941 3515 982 3566 ‘ab
993 3507 1135 3581 pamma.
