2438 3802
481 156 525 164 -
573 119 636 183 169
684 155 750 189 -Ᾰ

96 300 188 345 nuces
207 284 310 360 pineas
330 283 479 342 resinosas
498 280 530 362 V,
549 299 642 359 aquae
662 278 693 340 fc
711 280 756 360 Vl,
775 281 870 343 mellis
889 283 920 343 P.
940 282 971 344 V.
1004 284 1109 346 Omnia

97 372 170 432 haec
192 373 224 431 in
247 388 354 448 aquam
377 369 500 430 nitidam
519 369 667 450 infundes,
690 371 731 430 ita
750 380 784 431 ut
802 370 836 430 ad
857 373 960 432 tertias
980 391 1108 452 coquan-

97 469 160 540 tur,
190 458 247 519 boc
276 467 322 519 est
353 466 387 518 ut
419 457 507 518 simul
539 460 677 518 universa
710 458 746 518 ad
779 461 949 520 trisextium
981 463 1109 542 veniant,

95 558 199 627 postea
222 547 296 608 adde
320 565 410 626 supra
434 548 578 626 scriptum
605 545 702 606 mellis
729 547 860 628 pondus,
888 556 923 608 ut
950 548 986 608 ad
1014 549 1110 610 mollis

68 639 215 703 aveniant
233 636 423 716 densitatem3
442 634 551 715 quibus
571 634 674 695 colatis
694 643 724 696 et
742 638 773 696 in
792 639 868 697 vitro
883 638 1011 698 conditis
1026 647 1110 698 terna

95 743 181 785 mane
205 724 355 803 cocliaria,
379 733 463 784 terna
487 742 624 804 vespere,
653 726 705 803 qui
728 743 817 805 supra
841 725 918 786 dicta
942 726 1109 789 valetudine

97 812 250 893 laborabit,
273 815 408 891 accipiet.

185 900 350 980 Descriptio
370 900 529 980 ecligmatii
547 900 582 960 ad
600 900 772 980 pulmonem
791 903 968 963 curandum:
988 902 1163 967 Herbae104

96 990 315 1070 gladiatoriciae
343 1008 446 1070 sucus,
474 988 529 1050 lilii
556 988 682 1050 silvatici
709 1008 813 1071 sucus,
845 991 990 1052 marrubii
1019 1011 1109 1053 sucus

56 1105 83 1145 10
98 1081 201 1158 aequis
223 1081 374 1139 mensuris
392 1077 558 1159 parabitur3
582 1078 690 1139 deinde
709 1086 853 1158 quantum
872 1079 908 1140 de
927 1079 1025 1141 tribus
1044 1099 1108 1160 spe-

97 1167 200 1229 ciebus
224 1168 315 1227 luerit
338 1169 416 1248 suci,
443 1175 559 1228 tantum
586 1165 682 1227 mellis
705 1169 854 1247 mittetur,
881 1170 922 1228 ita
950 1175 984 1229 ut
1006 1176 1109 1246 postea

97 1259 128 1316 in
143 1258 271 1316 sextario
285 1255 376 1316 huius
393 1256 599 1336 permixtionis
618 1257 676 1316 tria
693 1255 830 1316 cocliaria
849 1255 907 1316 olei
920 1256 1024 1316 viridis
1042 1259 1109 1317 mit-

98 1354 212 1425 tantur3
233 1344 312 1424 quod
330 1344 457 1405 tamdiu
475 1352 578 1423 postea
597 1351 752 1426 coquetur,
772 1343 911 1423 quamdiu
926 1344 1110 1405 medicamen

99 1435 134 1494 ad
158 1451 329 1494 mensuram
351 1432 447 1493 mellis
469 1434 581 1512 veniat3
605 1451 640 1493 ex
663 1433 720 1493 hoc
743 1434 862 1494 ieiunus
881 1434 1007 1513 accipiat
1025 1441 1110 1493 tama

55 1546 83 1587 15
99 1521 236 1583 cocliaria
259 1529 376 1600 etpost
395 1539 497 1582 cenam
517 1529 612 1602 terna,
631 1523 683 1600 qui
700 1521 850 1600 pulmonis
866 1524 938 1582 vitio
956 1521 1110 1583 laborabit.

187 1610 339 1671 Confectio
363 1611 514 1670 unctionis
537 1610 573 1670 ad
596 1611 692 1690 ipsam
714 1609 864 1690 pulmonis
883 1628 1015 1672 causam:
1042 1610 1163 1675 Olenos

97 1699 194 1760 mollis
214 1697 244 1759 θ
264 1698 285 1779 Ι,
309 1700 419 1778 cymini
442 1696 626 1778 quartarium
650 1699 730 1760 lento
754 1701 816 1777 igni
840 1707 900 1760 tam
920 1698 970 1759 diu
990 1717 1110 1780 coques,

98 1787 238 1867 quamdiu
267 1789 415 1867 cyminum
448 1796 663 1868 percoquatur3
697 1787 774 1867 quod
803 1796 905 1866 postea
938 1787 1048 1848 celabis
1081 1796 1111 1848 et

98 1876 188 1936 addes
217 1875 275 1936 olei
302 1875 526 1938 chamaemelini
553 1876 716 1957 heminam,
746 1875 803 1936 olei
831 1875 964 1936 anethioi
994 1885 1110 1956 quarta·

56 1988 84 2029 ao
98 1967 190 2045 rium,
219 1964 277 2024 olei
304 1967 385 2025 rosei
412 1965 610 2044 quartarium,
639 1964 695 2024 olei
723 1966 837 2025 rutacei
864 1965 1026 2046 heminam,
1049 1985 1109 2026 me·

99 2052 194 2114 dullae
218 2054 355 2114 cervinae
376 2054 506 2114 recentis
528 2085 564 2095 -
581 2051 631 2133 111,
649 2051 744 2130 adipis
762 2055 916 2113 anserinae
935 2061 1023 2131 atque
1042 2072 1109 2132 por·

98 2144 181 2203 cinae
201 2144 331 2202 recentis
347 2175 386 2186 —
403 2140 449 2222 Vl,
467 2140 568 2220 butyri
586 2143 717 2202 recentis
737 2143 801 2202 sine
820 2141 880 2202 sale
898 2174 943 2184 -
959 2141 1005 2222 Vl,
1024 2160 1110 2203 cerae

97 2230 227 2291 Punicae
249 2263 286 2274 —
304 2229 352 2291 ΠΙ.
384 2229 464 2290 Haec
482 2231 581 2290 omnia
604 2230 640 2290 ad
664 2247 803 2308 vaporem
827 2230 922 2292 soluta
945 2233 1111 2292 miscentur

98 2327 128 2379 et
152 2319 269 2398 quando
293 2337 382 2398 aeger
404 2320 499 2398 ungui
520 2318 623 2400 habet,
650 2318 736 2380 tolles
764 2337 800 2380 ex
827 2338 861 2380 eo
888 2322 990 2381 uncias
1014 2319 1050 2380 Vl
1074 2319 1110 2381 ad

58 2431 85 2472 as
100 2408 267 2468 triduanam
291 2410 462 2469 unctionem
491 2415 521 2468 et
548 2407 639 2469 addes
661 2407 722 2469 illic
746 2410 810 2470 suoi
834 2408 870 2470 de
895 2410 979 2470 faeno
1003 2427 1110 2488 graeco

99 2529 140 2538 -
161 2495 200 2576 ll,
228 2494 402 2575 lebrilugiae
429 2529 467 2540 -
489 2495 529 2577 ll,
556 2496 642 2558 lactis
664 2498 787 2558 humaui
810 2500 1006 2578 quartarium,
1031 2498 1110 2576 quod

98 2584 143 2644 lac
167 2583 223 2645 sub
241 2584 324 2664 hora,
347 2604 405 2663 qua
424 2603 511 2664 aeger
530 2586 709 2665 unguendus
728 2594 783 2667 est,
805 2589 942 2648 mittatur
961 2605 1016 2647 nec
1036 2587 1111 2647 cale·

98 2673 149 2733 liat
177 2692 245 2734 cum
274 2675 383 2734 ceteris
412 2673 583 2754 speciebus,
611 2683 642 2734 et
669 2677 769 2735 iacens
798 2677 827 2734 in
855 2674 932 2735 lecto
960 2683 1111 2753 unguatur

98 2761 176 2823 lenta
201 2764 273 2822 satis
296 2780 398 2842 manu;
422 2762 474 2822 sed
494 2769 562 2821 ante
581 2762 687 2835 lucem,
706 2769 862 2841 postquam
878 2770 992 2822 unctus
1012 2763 1111 2842 luerit,

56 2853 198 2914 aestatim
213 2850 258 2911 lac
273 2852 427 2910 vaccinum
441 2847 524 2908 bibat
538 2849 641 2909 cadem
655 2849 728 2908 hora
747 2847 886 2928 mulsum,
904 2867 965 2909 non
983 2857 1111 2929 coctum,

98 2938 168 2999 dum
193 2939 277 2999 calet.

168 3079 185 3127 4
203 3075 285 3129 carba
303 3072 412 3141 pondus
430 3073 463 3126 ut
481 3072 518 3126 ad
535 3069 629 3125 mellis
647 3085 698 3125 om.
776 3074 791 3122 5
811 3067 897 3123 venit.
975 3075 991 3124 6
1009 3068 1111 3124 velitu-

97 3143 171 3199 dine.
227 3141 409 3213 ecligmatii.
464 3148 499 3198 20
517 3141 624 3197 rutacei
643 3141 756 3210 scripsi:
774 3138 895 3193 ranacei.
950 3144 985 3193 24
1002 3139 1110 3211 angeri.

96 3215 196 3287 habet]
224 3215 309 3269 debet
337 3214 496 3270 Carnarius.
608 3217 642 3267 2⁷
672 3211 784 3266 calefiat
810 3212 922 3281 serapti:
954 3211 1110 3268 calefaciat.

97 3291 131 3339 29
149 3284 311 3356 postquam]
330 3286 402 3354 post.
