2438 3802
508 161 752 226 -258—

68 338 103 387 30
212 325 255 385 hd
278 324 391 404 lapides
414 323 451 384 de
474 325 588 384 vessica
611 322 761 384 eiciendos
785 322 950 382 remedium
972 324 1140 402 singulare:

121 412 245 474 Hircum
265 420 452 492 segregatum
472 412 519 472 vel
533 412 667 472 clausum
682 420 796 490 septem
813 410 919 471 diebus
933 411 1018 472 lauro
1034 431 1141 491 pasces

121 511 152 564 et
174 503 365 582 postmodnm
388 520 404 561 a
428 518 522 578 puero
545 499 651 579 inpubi
674 500 771 560 occidi
793 500 883 560 facies
907 508 937 560 et
961 504 1140 580 sanguinem

120 594 185 654 eius
206 594 336 671 excipies
354 589 514 670 munditer,
534 607 570 648 ex
588 607 623 650 eo
643 588 727 650 dabis
743 587 889 650 laboranti
906 591 939 648 in
954 591 1017 650 vini
1032 591 1140 670 cyatho

121 681 268 760 scripulos
297 687 374 759 tres3
401 685 431 738 at
458 695 529 738 vero
555 685 590 738 ut
613 680 677 739 eius
700 680 745 738 rei
768 679 1005 757 experimentum
1029 682 1165 761 capias,s

120 768 236 848 lapillos
263 767 395 827 fluviales
422 769 454 826 in
483 768 628 827 vessicam
654 768 769 847 mitteS,
797 768 828 826 in
858 785 915 846 qua
943 770 1069 846 sanguis
1094 787 1142 830 ex·

121 864 226 936 ceptus
254 856 358 935 fuerit,
385 873 454 915 nam
481 858 513 915 in
540 857 654 916 vessica
681 856 779 933 excipi
801 854 902 934 debet,
931 863 962 915 et
990 857 1141 934 signatam

120 963 246 1026 repone3
269 946 347 1005 intra
371 944 434 1004 dies
458 951 573 1023 septem
596 943 709 1005 solutos
732 945 852 1022 penitus
875 945 1018 1005 invenies.

67 1048 100 1096 31
209 1033 383 1094 Antidotum
411 1034 447 1093 ad
475 1035 592 1094 renium
621 1033 753 1093 dolorem
781 1034 838 1094 sic:
870 1031 1006 1093 Feniculi
1034 1053 1141 1096 semen

121 1141 236 1204 recens,
259 1122 436 1203 petrosilini,
460 1122 547 1183 dauci
566 1121 684 1202 Cretici,
703 1120 863 1199 zingiberis
881 1123 999 1204 integri,
1022 1125 1141 1202 piperis
1155 1140 1175 1180 ro

120 1214 208 1294 nigri,
232 1215 315 1291 porri
338 1213 460 1291 capitati
484 1229 594 1291 semen,
618 1209 687 1270 folia
704 1209 892 1290 malabathri,¹
912 1228 1003 1289 grana
1022 1214 1140 1291 piperis

121 1301 188 1362 albi.
223 1301 328 1363 Omnia
347 1301 421 1362 haec
441 1302 543 1379 aequis
561 1297 744 1378 ponderibus
762 1299 871 1359 tundes
891 1307 920 1358 et
939 1298 1091 1362 cribrabis
1111 1313 1141 1363 et

120 1389 261 1450 miscebis
289 1409 358 1450 cum
387 1389 474 1450 melle
498 1391 595 1450 Attico
623 1396 653 1449 et
680 1406 716 1448 ex
746 1405 781 1448 eo
808 1386 929 1466 pilulam
953 1388 989 1448 ad
1013 1390 1140 1452 modum

121 1478 269 1540 avellanae
293 1497 329 1538 ex
353 1496 429 1556 aqua
452 1477 546 1537 calida
569 1479 669 1537 ieiuno
693 1475 785 1537 dabis,

67 1580 102 1628 32
211 1567 255 1627 Ad
278 1568 396 1626 renium
420 1565 551 1626 dolorem
575 1572 761 1644 unguentum
785 1567 856 1625 satis
878 1565 981 1625 efficax
1001 1567 1060 1627 sic:
1087 1567 1139 1628 Ca·
1154 1582 1175 1623 15

123 1657 216 1717 storei
234 1686 275 1698 -
291 1654 313 1734 l,
337 1654 454 1715 eulorbi
473 1656 665 1734 semunciam,
684 1653 766 1732 pulei
787 1653 899 1734 -18,
921 1672 1007 1714 cerae
1030 1688 1069 1700 -
1088 1656 1139 1736 lll,

122 1746 214 1824 satyri
239 1776 277 1788 —
299 1742 348 1818 lll,
373 1743 430 1804 olei
449 1745 541 1804 amari
565 1776 602 1786 —
619 1742 665 1824 Vl,
688 1745 790 1822 cyperi
808 1744 999 1822 semunciam,
1018 1761 1138 1824 myrrae

120 1867 165 1876 -
178 1832 200 1912 l,
219 1834 336 1894 resinae
356 1832 573 1894 terebinthinae
592 1834 783 1913 semunciam,
801 1834 976 1910 piperis-
995 1832 1008 1892 l
1029 1831 1059 1912 S,
1080 1834 1139 1895 olei

121 1922 230 1982 laurini
250 1954 290 1964 -
310 1920 356 2002 Vl,
380 1921 561 2001 opobalsami
579 1953 620 1964 -
641 1921 662 1982 Ι.
701 1919 781 1981 Haec
805 1923 903 1982 omnia
927 1923 1005 1982 sicca
1024 1923 1137 1984 tundes

123 2018 152 2071 et
171 2009 317 2071 cribrabis
337 2018 367 2070 et
385 2010 525 2072 miscebis
544 2018 574 2071 et
592 2010 742 2089 decoques
762 2019 791 2070 et
809 2009 921 2089 liquido
937 2010 1136 2072 medicamine
1150 2029 1174 2069 to

120 2101 215 2161 uteris
237 2101 269 2160 in
292 2099 397 2160 balneo
421 2107 451 2161 et
473 2118 622 2178 perunges
646 2117 743 2180 renes,
767 2117 855 2160 coxas
879 2107 909 2160 et
932 2117 1023 2178 super
1041 2104 1136 2179 pecti·

121 2207 203 2250 nem:
227 2191 324 2248 omnis
347 2187 431 2249 dolor
454 2190 513 2250 cito
536 2189 661 2249 desinet.

68 2289 101 2338 33
210 2276 391 2336 Trochiscus
409 2277 445 2337 ad
464 2279 582 2337 renium
600 2276 733 2337 dolorem
752 2284 782 2337 ct
800 2278 930 2337 vessicae
949 2275 1085 2338 dolorem
1102 2297 1135 2339 ac

120 2365 242 2425 vulnera
261 2371 292 2423 et
310 2363 346 2423 ad
366 2382 426 2443 eos,
445 2367 497 2442 qui
515 2366 632 2426 urinam
651 2367 841 2444 sanguineam
856 2365 968 2425 iaciunt
982 2365 1029 2425 vel
1042 2385 1136 2444 puru-

119 2452 238 2532 lentam,
252 2452 360 2529 accipit
373 2451 461 2512 haec:
476 2452 544 2531 Opii
558 2450 638 2532 drag.
648 2453 698 2532 ΙΙΙ,
712 2453 748 2513 de
763 2453 878 2514 nucleis
892 2455 988 2532 pineis
1000 2455 1134 2516 excalda-
1148 2470 1172 2512 so

120 2542 158 2601 tis
183 2547 213 2599 et
235 2541 369 2619 purgatis
393 2537 474 2618 drag.
492 2540 540 2622 lll,
569 2544 650 2603 croci
673 2540 753 2620 drag.
771 2541 819 2623 lll,
843 2540 1011 2622 amygdalae
1037 2544 1136 2606 dulcis

121 2628 288 2689 excaldatae
308 2635 338 2689 et
356 2639 498 2708 purgatae
522 2628 601 2709 drag.
620 2630 673 2713 lll,
696 2631 842 2692 avellanae
864 2638 1007 2709 purgatae
1032 2640 1062 2693 et
1087 2653 1135 2694 ex·

120 2717 250 2779 caldatae
270 2713 350 2796 drag.
365 2717 415 2799 lll,
434 2722 602 2781 cucumeris
616 2722 737 2782 seminis
754 2723 873 2799 purgati
887 2715 967 2797 drag.
980 2719 1043 2802 Xll,
1062 2721 1135 2801 hyo-

121 2809 231 2886 scyami
248 2805 308 2868 albi
327 2809 449 2870 seminis
468 2809 589 2889 cyathos
607 2817 679 2891 tres,
702 2811 761 2890 apii
779 2811 900 2870 seminis
919 2808 1042 2888 cyathos
1061 2818 1135 2892 tres,

120 2896 243 2958 feniculi
261 2899 382 2958 seminis
402 2899 522 2978 cyathos
541 2906 612 2981 tres,
630 2898 752 2977 lapathii
768 2900 889 2958 seminis
904 2895 985 2974 drag.
998 2897 1019 2958 l.
1053 2897 1135 2961 llaec
1147 2915 1172 2957 eo

120 2987 218 3046 omnia
231 2988 361 3066 primum
376 2989 534 3066 separatim
548 2996 628 3049 teres
644 2995 674 3049 et
683 2986 876 3066 permiscebis
885 3005 955 3048 cum
964 3005 1053 3066 passo
1064 2988 1136 3050 Cre-

119 3077 189 3156 tico,
202 3083 267 3137 tum
282 3094 317 3136 ex
332 3093 366 3135 eo
377 3076 467 3138 facies
478 3077 643 3138 trochiscos
652 3075 796 3136 habentes
806 3072 886 3154 drag.
897 3075 1028 3154 singulas
1043 3085 1075 3136 et
1085 3078 1135 3138 da·

119 3163 165 3224 bis
180 3163 326 3225 bibendos
340 3165 473 3243 singulos
488 3184 555 3226 cum
568 3183 661 3244 aquae
671 3163 783 3224 mulsae
794 3162 904 3224 calidae
915 3165 1028 3244 cyathis
1040 3165 1135 3247 binis3

119 3251 192 3314 utile
212 3260 258 3314 est
275 3252 332 3312 hoc
350 3253 543 3333 medicamen,
562 3254 692 3313 etiamsi
710 3271 764 3332 per
779 3260 929 3314 veretrum
948 3253 1136 3316 infundatur.

210 3392 224 3440 1
240 3385 389 3442 eiciendus.
418 3386 715 3456 leyethosscripolos.
740 3388 965 3458 dexperimento.
993 3387 1135 3458 asignato.

119 3456 224 3524 reponi
251 3455 394 3511 8solntus.
420 3461 453 3510 10
465 3455 585 3512 daueini.
607 3462 639 3512 15
650 3459 717 3512 satis
727 3461 900 3529 unguentum
909 3460 1016 3514 iocoso
1026 3460 1133 3517 ordine.

117 3525 239 3580 cantoni.
289 3531 323 3580 18
337 3525 531 3584 terebintinae.
578 3532 611 3583 22
626 3529 738 3586 desinit.
781 3535 815 3584 28
830 3545 931 3585 nemen.
969 3535 1004 3584 30
1018 3529 1134 3600 lapacii.
