2438 3802
509 147 724 211 ..19-

109 309 212 389 habui,
240 311 271 370 in
294 309 375 370 hunc
398 308 509 370 librum
536 309 658 392 contuli,
687 331 775 391 quem
803 312 839 372 ad
862 320 892 372 te
916 315 991 374 misi.
1029 314 1123 395 Cupio

110 401 189 460 enim
216 398 332 459 medius
360 397 447 459 fidius
476 417 533 478 qua
560 417 684 479 possum
711 409 780 462 tuae
808 403 910 460 inme
939 410 999 463 tam
1022 422 1122 482 perse·

108 489 223 550 verenti
241 486 464 549 benevolentiae
478 488 660 567 respondere
674 490 794 551 adiutus
809 491 890 550 omni
905 497 1039 570 tempore
1054 511 1069 552 a
1084 503 1123 574 te,

106 579 267 658 praecipue
285 595 357 637 vero
375 579 441 638 istis
460 577 574 638 diebus.
608 575 646 637 Ut
663 581 793 658 primum
813 581 892 639 enim
910 581 1043 660 potuisti,
1063 599 1122 642 non
1142 590 1175 638 13

80 685 140 727 ses
163 684 269 745 passus
292 684 410 727 cessare
433 660 595 745 tuae'erga
614 683 662 726 me
681 669 799 746 pietatis
823 668 954 728 officium
978 669 1122 730 tradendo

107 758 218 834 scripta
242 773 307 815 mea
330 755 432 816 Latina
457 755 493 816 de
517 754 742 817 medicinalibus
766 764 868 818 nostro
892 755 1024 839 Caesari,
1048 777 1122 838 quo·

106 863 175 905 rum
198 850 375 922 potestatem
399 843 455 906 tibi
478 844 616 923 feceram,
639 853 673 904 ut
691 847 755 924 ipse
774 847 858 924 prior
876 846 991 924 legeres
1010 847 1120 927 simpli·

106 935 243 1012 citerque
269 933 417 994 indicares
446 933 532 1014 milri,
561 932 631 1014 quid
656 935 783 995 sentires
807 935 843 995 de
866 935 927 1016 his3
958 935 1121 1014 plurimum

106 1024 188 1082 enirn
210 1021 319 1082 iudicio
343 1029 395 1082 tuo
418 1021 525 1083 tribuo.
565 1023 610 1084 Tu
633 1039 724 1100 porro
744 1023 953 1084 candidissimo
973 1026 1070 1085 animo
1090 1033 1121 1086 et

66 1129 176 1189 merga
209 1128 256 1171 mc
289 1110 568 1173 benevolentissime
607 1112 712 1189 dignos
739 1115 859 1173 nomine
889 1113 1028 1174 editionis
1060 1133 1120 1174 non

106 1199 204 1260 verbis
229 1199 281 1260 sed
304 1217 338 1260 re
361 1199 494 1278 prohasti
517 1201 744 1280 periculumque
767 1220 827 1262 non
847 1203 945 1262 minus
964 1209 997 1262 tu
1016 1202 1120 1262 iudicii

107 1306 194 1367 quam
227 1305 281 1366 ego
315 1288 374 1348 stili
406 1297 529 1367 propter
557 1308 604 1350 me
633 1289 732 1370 adisti,
761 1309 820 1369 quo
848 1299 982 1368 tempore
1010 1291 1119 1351 divinis

106 1375 242 1437 manibus
261 1394 296 1436 ea
314 1377 458 1438 tradendo
477 1379 668 1439 consecrasti.
696 1377 804 1439 Fateor
821 1380 922 1458 itaque
941 1398 988 1440 me
1008 1382 1117 1458 gratias
1139 1391 1173 1439 14

106 1464 161 1526 tibi
192 1483 292 1548 agere,
326 1467 404 1545 quod
433 1474 463 1526 et
489 1469 573 1546 prius
607 1484 695 1547 qnam
725 1470 874 1546 rogareris
906 1472 1119 1530 consummasti

67 1575 92 1616 1s
106 1555 284 1615 amicissimo
308 1555 415 1615 aflectu
439 1562 505 1616 vota
529 1574 593 1616 mea
618 1567 647 1618 et
671 1556 751 1636 quod
774 1558 900 1636 contigit
923 1557 995 1618 mihi
1018 1559 1117 1619 lavore

104 1651 157 1704 tuo
189 1645 383 1704 maturiorem
416 1646 571 1723 percipere
600 1645 692 1707 studii
719 1645 810 1707 huius
837 1648 896 1706 mei
924 1646 1055 1707 fructum
1084 1664 1117 1707 ac

106 1731 293 1811 voluptatem.
334 1731 474 1811 Ignosccs
497 1742 610 1815 autem,
638 1735 663 1796 si
690 1753 802 1813 paucae
826 1734 881 1796 tibi
903 1737 982 1795 visae
1007 1736 1118 1796 luerint

106 1822 325 1900 conpositiones
349 1830 379 1882 et
402 1839 462 1881 non
485 1823 637 1884 adomnia
657 1825 726 1883 vitia
747 1827 889 1904 scriptae3
913 1842 1017 1884 sumus
1037 1825 1118 1884 enirn

104 1917 139 1970 ut
166 1911 225 1970 scis
252 1927 378 1989 peregre
412 1929 467 1970 nec
500 1914 637 1990 sequitur
669 1929 722 1970 nos
756 1914 815 1971 nisi
846 1914 1035 1972 necessarius
1068 1913 1116 1971 ad-

66 2019 92 2060 eo
106 1997 226 2059 modum
245 2017 389 2060 numerus
407 1997 583 2059 libellorum.
617 1999 723 2059 Postea
742 2007 849 2078 antem,
875 2002 949 2059 siet
968 1999 1023 2058 tibi
1037 2000 1116 2060 vide·

104 2085 195 2166 bitur,
215 2087 251 2147 ad
271 2087 386 2167 singula
406 2106 541 2166 quaeque
560 2088 662 2166 plures
685 2089 906 2165 conpositiones
929 2085 1115 2167 colligemus3

104 2184 223 2256 oportet
246 2177 464 2255 enimcopiam
484 2194 602 2255 quoque
622 2193 724 2236 earum
744 2175 883 2236 selectam
902 2173 1021 2255 habere,
1045 2193 1117 2254 quo·

103 2267 182 2326 niam
214 2282 318 2326 revera
350 2265 493 2344 quaedam
527 2267 618 2345 magis
652 2263 828 2345 quibusdam
862 2271 892 2324 et
923 2281 983 2324 non
1014 2282 1116 2325 ornnes

103 2353 242 2414 omnibus
261 2355 441 2414 conveniunt
459 2362 582 2434 propter
601 2355 798 2416 differentiam
818 2352 933 2415 scilicet
947 2371 1115 2434 corporum.

65 2463 90 2504 11
104 2441 236 2512 Quarum
255 2443 374 2502 initium
392 2461 408 2502 a
428 2445 523 2521 capite
543 2443 694 2524 iaciemus,
713 2461 862 2505 summum
882 2444 960 2504 enim
983 2452 1013 2504 et
1031 2446 1117 2524 quasi
1137 2453 1169 2502 15

103 2532 231 2609 primum
256 2530 355 2592 locum
378 2530 434 2592 hoc
458 2534 585 2613 optinet,
613 2533 717 2594 dantes
746 2551 879 2612 operam,
908 2539 941 2593 ut
970 2533 1116 2612 simplicia

104 2620 233 2681 remedia
262 2621 357 2699 prima
390 2639 526 2700 quaeque
557 2640 717 2705 ponamus3
748 2622 900 2683 interdum
933 2624 1012 2681 enim
1041 2622 1115 2682 haec

104 2708 270 2769 efficaciora
294 2716 364 2769 sunt
388 2727 476 2788 quam
499 2729 535 2770 ex
558 2711 695 2789 pluribus
718 2713 871 2790 conposita
892 2710 1114 2771 medicamenta.

102 2794 168 2858 Erit
190 2804 290 2858 antem
312 2805 382 2858 nota
405 2799 519 2858 denarii
542 2818 596 2876 pro
616 2799 727 2860 Graeca
746 2799 898 2878 drachma3
922 2817 1015 2877 aeque
1036 2802 1115 2859 enim

65 2906 90 2946 eo
104 2885 136 2942 in
157 2883 232 2945 libra
253 2885 368 2947 denarii
388 2885 548 2944 LXXXllll
571 2887 648 2963 apud
672 2905 727 2946 nos
751 2895 831 2964 sunt,
858 2888 936 2945 sient
958 2887 1114 2947 drachmae

106 2971 183 3050 apud
207 2971 331 3036 Graecos
355 2978 522 3035 incurrunt.

174 3163 449 3232 tperseverentiem.
498 3167 531 3216 10
545 3177 589 3216 me
604 3176 654 3216 cm.
703 3158 971 3214 benivolentissime.
1018 3156 1113 3226 digne.

102 3236 134 3286 11
161 3234 194 3287 tu
219 3234 379 3290 Buecheler:
408 3234 458 3288 tui.
551 3239 583 3287 16
607 3232 674 3304 mei]
700 3249 753 3286 me.
830 3237 877 3286 17
901 3231 1015 3300 ignosce
1034 3234 1112 3298 (rae.)

100 3309 135 3358 24
148 3309 214 3374 poet
238 3321 388 3375 corporum
413 3307 476 3360 odd.
498 3305 650 3360 Germanice
670 3305 699 3359 et
719 3303 908 3358 affectionum.
994 3307 1028 3357 26
1047 3299 1114 3373 hoc]

82 3375 182 3432 -hune,
266 3377 366 3431 dantes
395 3377 522 3448 operam]
553 3375 692 3430 medentis
721 3391 814 3447 opera.
909 3380 942 3429 29
967 3373 1113 3445 dreghmaa

96 3447 162 3573 {aaa
179 3448 275 3572 ffcolc
302 3449 388 3515 infra.
473 3454 506 3502 31
530 3446 607 3502 Finit
629 3448 751 3518 epistula
776 3447 875 3517 prima.
911 3445 1016 3517 Incipit
1043 3445 1113 3502 eius-

117 3535 163 3574 0111
208 3559 216 3573 .

859 3605 973 3666 ,Ψ
