2438 3802
489 131 768 210 --69-Ι

90 304 154 356 tum
182 313 252 355 sane
282 294 386 354 eodem
409 294 474 354 loco
498 296 529 354 in
554 313 612 373 quo
636 296 752 372 ceperis
776 293 920 375 dimittes,
947 294 993 355 vel
1017 297 1106 355 etiam

91 387 116 445 si
140 386 312 462 sanguinem
340 383 375 443 de
400 382 494 443 oculis
518 385 582 444 eius
605 383 670 444 lana
694 383 804 444 munda
827 385 957 464 excipias
982 401 1106 463 eamque

89 472 247 553 phoenicio
267 471 423 533 convolvas
443 471 578 551 colloque
597 473 770 553 suspendas,
789 474 883 533 uteris
901 472 1105 533 efficacissimo

89 563 247 623 adversum
272 560 426 621 oculorum
450 560 581 621 dolorem
606 561 745 621 remedio.
783 560 889 622 Cancri
913 560 1017 622 oculus
1037 560 1104 621 sub
1125 573 1158 621 51

63 651 183 712 51111155
216 649 350 710 sublatus
383 657 413 709 et
445 651 476 709 in
509 649 665 728 phoenicio
694 649 859 728 conligatus
892 649 1027 728 colloque
1058 668 1106 711 su·

92 757 220 818 spensus
239 738 408 817 lippitudini
427 739 582 817 incipienti
602 738 746 818 medetur,
770 741 795 798 si
818 746 917 798 tamen
941 738 1105 799 remedium

93 847 107 888 a
132 835 214 888 casto
237 827 356 887 bomine
380 827 438 886 fiat.
480 826 521 886 De
546 845 634 888 manu
658 829 778 887 sinistra
802 845 933 888 muscam
958 829 1057 907 capies
1076 834 1106 888 et
1125 837 1158 886 52

93 917 164 976 dum
184 917 281 994 capies
300 915 399 975 dicere
420 914 542 975 debebis
556 934 663 975 nomen
678 918 751 998 eius,
770 918 819 976 cui
833 915 998 976 remedium
1013 915 1104 976 factu·

92 1023 145 1066 rus
169 1023 209 1084 es,
233 1012 262 1064 te
281 1004 315 1064 ad
336 1004 483 1064 curandos
503 1004 604 1065 oculos
624 1006 689 1064 eius
707 1022 840 1065 muscam
858 1005 1019 1085 prendere3
1043 1013 1106 1065 tum

51 1114 77 1153 1o
92 1096 184 1153 vivam
220 1110 282 1152 eam
313 1091 417 1170 ligabis
445 1094 476 1153 in
504 1092 595 1152 linteo
626 1100 656 1153 et
684 1094 848 1172 suspendes
876 1093 951 1154 collo
979 1093 1106 1153 dolentis

91 1201 146 1242 nec
166 1190 247 1241 retro
267 1182 420 1260 respicies.
450 1181 492 1242 Ad
513 1181 672 1261 epiphoras
690 1181 845 1242 oculorum
862 1182 1007 1242 sedandas
1025 1181 1106 1242 lima·
1126 1194 1159 1242 53

92 1290 141 1331 555
171 1269 330 1348 conplures
358 1278 422 1330 tere
451 1272 482 1330 in
510 1272 652 1330 mortario
680 1289 756 1331 novo
784 1269 831 1331 vel
854 1271 947 1332 nitido
972 1279 1000 1331 et
1024 1270 1106 1331 adice

91 1359 133 1419 ibi
157 1377 243 1419 ovum
263 1358 455 1436 gallinaceum
479 1361 631 1419 incoctum
655 1368 684 1419 et
708 1361 809 1437 tingue
832 1359 892 1419 illic
914 1359 1011 1419 lanam
1031 1361 1106 1420 suci-

92 1448 158 1508 dam
182 1456 211 1507 et
234 1447 326 1508 fronti
350 1450 467 1525 inpone.
505 1447 549 1507 Ad
574 1447 731 1528 epIpboras
755 1447 908 1508 oculorum
931 1447 1044 1526 pultem
1068 1447 1161 1510 15-54

51 1555 78 1596 15
93 1536 206 1597 baciam
231 1528 294 1596 sine
319 1535 392 1617 sale,
421 1538 485 1596 sine
508 1535 568 1596 ullo
593 1546 696 1618 uncto,
720 1536 848 1616 tepidam
873 1536 992 1597 linteolo
1015 1535 1107 1597 inline

93 1634 123 1686 et
151 1624 246 1686 oculis
275 1625 311 1685 de
339 1634 427 1685 nocte
454 1627 577 1707 inpone,
605 1628 644 1686 ita
672 1634 706 1686 ut
733 1644 792 1686 non
822 1625 937 1705 5111355,
966 1628 1107 1686 continuo

92 1715 191 1774 lervor
214 1713 335 1774 recedit.
371 1713 409 1774 Ut
429 1717 548 1775 omnino
568 1733 627 1774 non
646 1714 760 1796 lippias,
780 1733 848 1775 cum
868 1713 982 1775 stellam
1002 1714 1107 1775 cadere
1127 1723 1160 1774 55

92 1803 139 1863 vel
158 1810 364 1863 transcurrere
383 1803 501 1884 videris,
520 1821 644 1864 numera
663 1811 693 1863 et
710 1802 848 1864 celeriter
862 1821 994 1883 numera,
1013 1803 1108 1864 donec

93 1910 124 1952 se
147 1892 268 1973 condat,
291 1899 335 1951 tot
354 1894 433 1952 enim
461 1894 555 1971 annis,
579 1899 652 1970 quot
676 1894 887 1973 numeraveris,
911 1910 970 1952 non
993 1890 1107 1971 lippies.

51 1999 78 2039 so
92 1980 136 2040 Ad
160 1979 368 2060 lippitudinem
392 1983 470 2041 inter
493 1982 640 2059 principia
659 1979 817 2040 sedandam
841 1981 873 2040 in
896 1980 1027 2040 chartam
1051 1983 1107 2040 vir·
1127 1991 1161 2041 56

92 2071 190 2148 ginem
210 2068 306 2129 scribe
326 2071 436 2150 ουβαικ
455 2078 484 2129 51
504 2067 580 2149 licio,
601 2067 679 2147 quod
699 2069 729 2128 in
753 2067 811 2128 tela
833 2068 932 2148 luerit,
956 2067 1031 2128 collo
1054 2066 1107 2146 lip-

91 2159 200 2237 pientis
224 2159 352 2218 innecte.
395 2157 543 2237 Incipiens
568 2156 713 2236 lippitudo
736 2157 860 2217 mirifice
885 2166 915 2217 et
939 2158 1002 2216 sine
1027 2155 1111 2216 dubi·
1125 2166 1159 2218 51

92 2248 203 2306 15115115
240 2246 417 2325 depelletur,
450 2249 475 2307 si
503 2249 533 2306 in
562 2246 664 2307 charta
693 2247 806 2325 virgine
835 2245 947 2307 scribas
976 2255 1005 2306 et
1034 2243 1108 2306 collo

93 2334 220 2395 dolentis
248 2335 316 2395 licio
345 2336 521 2414 suspendas:
554 2357 733 2416 φυρφαραν,
767 2336 797 2396 el
824 2335 880 2396 hoc
908 2334 1109 2415 praeligamen

51 2441 78 2482 55
93 2442 187 2502 purus
216 2432 315 2484 castus
344 2424 441 2485 iacias.
488 2424 551 2484 Hoc
577 2426 665 2486 etiam
689 2425 853 2485 remedium
877 2425 1042 2486 indubitate
1065 2426 1109 2485 in·
1128 2435 1162 2485 58

92 2521 180 2592 petus
196 2512 359 2592 oculorum,
375 2515 402 2573 si
414 2515 594 2593 praevenias,
609 2513 788 2595 prohibebit,
803 2517 947 2594 scriptum
962 2517 992 2575 in
1008 2514 1109 2575 charta

94 2603 221 2680 virgine:
245 2604 354 2682 ρουβρς
376 2625 532 2681 ρνοπειρας
555 2598 652 2682 ἠέλιος
674 2597 708 2676 ὃς
730 2598 813 2664 πάντ’
835 2603 929 2688 ἐφορᾷ
952 2602 1002 2664 καὶ
1025 2597 1106 2663 πάντ’

93 2687 247 2768 ἐπακούει,
275 2691 352 2768 quod
382 2691 418 2751 ad
447 2691 554 2752 collum
584 2692 711 2752 dolentis
739 2692 807 2752 licio
837 2693 979 2770 suspendi
1008 2691 1109 2772 debet3

94 2778 145 2838 sed
175 2789 205 2838 et
235 2787 369 2858 coeptam
398 2791 486 2858 atque
510 2782 703 2841 inveteratam
727 2779 934 2858 lippitudinem
959 2781 1056 2860 sedat,
1084 2782 1110 2839 si

51 2884 78 2924 55
92 2868 123 2927 in
162 2867 295 2927 iaciendo
333 2887 367 2928 55
405 2867 594 2946 suscipiendo
626 2865 836 2944 praeligamine
869 2870 1040 2927 castimonia
1074 2866 1109 2926 ab

92 2963 221 3034 utroque
250 2965 394 3017 servetur.
440 2954 474 3014 ln
506 2954 620 3014 lamella
655 2971 744 3013 aurea
773 2973 828 3014 acu
856 2972 964 3030 cuprea
996 2954 1109 3014 scribes
1129 2965 1162 3014 59

93 3067 173 3124 opos>
202 3047 322 3125 ουρωδη
353 3054 382 3105 51
410 3043 494 3104 dabis
522 3042 568 3103 vel
597 3041 762 3120 suspendes
790 3060 826 3102 ex
852 3042 920 3101 licio
954 3040 1028 3101 collo
1061 3059 1109 3121 ge·

94 3134 231 3194 standum
256 3134 453 3214 praeligamen
478 3135 506 3193 ei
530 3135 580 3212 qui
605 3132 717 3213 lippiet,
742 3131 820 3210 quod
844 3136 982 3210 potenter
1006 3137 1035 3190 et
1059 3130 1110 3191 diu

93 3221 210 3303 valebit,
230 3225 256 3282 si
275 3223 429 3283 observata
448 3223 582 3284 castitate
603 3221 650 3282 die
665 3221 752 3282 lunae
772 3220 843 3281 illud
860 3219 949 3280 iacias
964 3226 994 3280 et
1008 3237 1109 3299 ponas.

165 3358 363 3412 4remedinm.
437 3364 629 3428 bsuspensos.
699 3358 864 3413 lmulonm.
939 3355 1108 3411 11limices.

94 3433 128 3482 20
147 3427 326 3499 iipitudinem
418 3429 515 3484 charla
542 3431 589 3484 sed
606 3430 752 3500 virginem.
845 3436 881 3485 24
899 3428 1123 3500 pruslegsmen,

95 3503 235 3555 2555515.
309 3506 342 3554 2⁷
363 3499 461 3570 Odyss.
520 3505 608 3572 ,105
