2438 3802
512 171 755 235 -178-

126 340 310 398 misceantur
329 337 427 395 omnia
446 333 604 412 diligenter
623 335 772 412 mixtaque
789 336 976 412 coagitentur
990 334 1027 394 ad
1042 334 1144 396 focum

128 437 157 487 et
180 426 353 505 refrigerata
378 426 409 483 in
428 423 506 483 dolio
527 424 620 483 vitreo
640 430 831 500 reponantur,
850 422 959 502 quibus
978 441 1048 484 oum
1068 442 1146 504 opus

127 516 219 576 fuerit
242 515 337 575 ceroti
360 530 442 572 more
466 513 568 570 uteris.

91 616 107 664 3
217 602 348 664 Cervicis
376 599 461 660 dolor
484 598 667 680 inflexibilis,
694 617 782 677 quem
801 599 1013 678 opisthotonon
1037 598 1147 660 Graeci

127 703 241 770 vocant,
264 688 378 749 levatur
400 689 486 748 urina
505 705 611 766 caprae
630 687 752 749 auribus
771 689 868 749 infusa
887 695 938 748 aut
957 687 1049 749 bulbo
1068 691 1173 749 tritos

128 799 196 840 cum
219 780 288 838 fimo
312 776 445 837 eiusdem
469 794 575 855 caprae
597 778 708 837 cervici
734 775 832 857 inlito;
861 777 912 837 sed
941 776 1015 837 nibil
1038 776 1148 838 utilius

66 922 69 927 .
128 875 174 928 est
197 866 412 927 medicamento
437 865 483 925 dia
507 872 624 925 steaton
647 865 683 925 de
707 865 792 944 adipe
816 866 932 926 diversa
955 865 1041 945 facto,
1063 865 1146 944 quod

92 966 109 1014 1
130 973 220 1035 supra
244 957 389 1033 scripturn
413 962 467 1014 est.
504 953 548 1013 Ad
572 955 722 1014 cervicum
746 954 864 1015 dolores
887 954 1052 1015 remedium
1071 954 1148 1034 phy-

131 1046 225 1105 sicum
244 1045 301 1104 sic:
319 1042 441 1103 leiunus
460 1043 594 1103 dextram
612 1060 732 1102 manum
748 1041 837 1102 saliva
855 1051 942 1121 tange
962 1050 992 1102 et
1006 1042 1148 1104 dextrum

129 1132 271 1212 poplitem
295 1132 436 1211 perfrica,
465 1131 572 1192 deinde
598 1132 718 1191 sinistra
741 1149 830 1191 manu
854 1133 1009 1192 sinistrum
1033 1138 1063 1190 et
1087 1131 1148 1192 hoc
1163 1150 1187 1190 ro

94 1232 111 1280 5
130 1230 176 1282 ter
194 1239 249 1300 per
268 1220 400 1300 singulos
419 1220 548 1300 poplites
567 1220 665 1299 facito,
689 1216 788 1279 statim
808 1218 994 1280 remediabis.
1031 1218 1147 1299 Butyro

93 1321 109 1370 6
129 1319 160 1371 ct
175 1310 261 1389 adipe
276 1312 378 1371 ursina
392 1316 555 1388 perunctae
570 1309 701 1369 cervices
718 1309 817 1368 statim
832 1307 1024 1369 sanabuntur.
1051 1307 1147 1368 Cerae

131 1399 277 1480 selibram,
296 1398 353 1458 olei
368 1400 483 1477 cyprini
498 1396 644 1476 selibram,
659 1395 800 1456 absinthii
814 1396 917 1457 viridis
932 1398 1051 1458 contusi
1067 1430 1108 1440 —
1122 1395 1148 1457 ll

130 1487 218 1548 simul
242 1488 277 1548 ad
301 1489 400 1564 ignem
423 1487 570 1564 permisce
599 1493 629 1544 et
656 1503 710 1563 pro
739 1481 840 1545 ceroto
869 1493 954 1546 utere
980 1485 1015 1545 ad
1040 1503 1147 1546 omnes

95 1587 109 1634 v
129 1577 278 1637 cervicum
303 1573 428 1634 dolores.
466 1573 557 1652 Rigor
576 1575 701 1633 cervicis
719 1574 805 1652 adipe
824 1575 960 1634 anserina
979 1573 1025 1633 vel
1043 1576 1148 1652 potius
1162 1590 1188 1632 rc

93 1676 110 1724 8
130 1666 235 1744 gruina
258 1670 423 1743 perunctus
442 1661 626 1722 velocissime
645 1661 803 1723 mollietur.
838 1662 902 1723 Fici
920 1662 989 1722 folia
1008 1671 1039 1723 et
1057 1681 1147 1740 poma

130 1753 264 1813 ciusdem
287 1753 436 1812 inmatura
459 1751 586 1810 contrita
610 1759 640 1810 ct
662 1752 791 1829 inposita
817 1753 926 1812 cervici
954 1750 1147 1813 subveniunt.

93 1853 109 1900 9
218 1840 384 1901 Nervorum
407 1840 540 1900 omnium
563 1840 656 1917 rigori
679 1846 709 1898 ct
731 1838 975 1918 perfrictionibus
995 1842 1055 1900 cito
1074 1839 1146 1900 sub-

129 1931 247 1990 vcnitur
270 1929 443 2007 malagmate
466 1927 530 1989 tali:
559 1927 624 1988 Olei
646 1927 754 1988 laurini
777 1928 808 1988 P.
828 1929 850 2008 1,
873 1930 990 1988 resinae
1013 1927 1146 1989 terebin-

129 2018 229 2079 thinae
257 2017 288 2078 P.
316 2017 338 2099 l,
369 2019 445 2095 picis
477 2017 606 2096 liquidae
633 2016 664 2077 P.
681 2015 718 2096 ·l,
752 2018 895 2095 axungiae
923 2019 1032 2077 veteris
1061 2016 1092 2076 P.
1122 2017 1144 2077 1.
1160 2033 1186 2074 ao

130 2107 266 2168 Decoctis
291 2114 321 2166 et
343 2108 499 2184 permixtis
523 2124 581 2165 una
604 2105 651 2165 his
675 2105 832 2184 speciebus
856 2107 941 2167 nervi
961 2108 1093 2184 rigentes
1115 2114 1146 2166 ct

130 2196 236 2256 offensi
259 2193 419 2254 salubriter
441 2194 649 2272 perfricantur.

78 2295 111 2343 10
219 2281 453 2360 Opistbotonicis
477 2290 507 2341 et
527 2284 664 2342 tetanicis
683 2281 787 2342 lotium
807 2284 961 2361 caprinum
980 2299 1048 2343 cum
1069 2300 1147 2362 aqua

78 2382 110 2429 11
130 2373 255 2431 mixtum
270 2370 432 2429 efficaciter
445 2369 575 2447 prodest,
596 2372 621 2429 si
638 2371 746 2430 ieiunis
760 2373 844 2448 potui
858 2371 954 2431 detur.
988 2370 1146 2432 Summum

130 2457 358 2536 opisthotonicis
377 2464 407 2516 et
426 2456 589 2516 arthriticis
608 2457 772 2517 remedium
791 2467 822 2519 ct
839 2459 942 2520 multis
956 2462 1145 2537 experimen·
1159 2475 1184 2518 vo

130 2548 169 2606 tis
192 2544 350 2625 probatum
374 2544 532 2604 conficitur
555 2547 611 2606 sic:
645 2545 790 2627 Castorei,
813 2549 926 2626 piperis
950 2547 1021 2627 albi,
1044 2557 1145 2628 petro·

131 2633 217 2695 selini
240 2633 377 2712 aequales
400 2634 553 2712 portiones
578 2634 666 2695 simul
690 2635 797 2695 tundcs
826 2643 856 2696 et
883 2636 1145 2716 cribrabisatque

129 2723 199 2784 inde
228 2721 360 2783 cocleare
389 2739 482 2782 unum
511 2741 579 2783 cum
612 2740 672 2784 uno
700 2724 827 2785 cocleari
858 2726 955 2786 mellis
987 2733 1018 2785 ct
1050 2744 1145 2804 aquae

131 2811 241 2874 calidae
265 2811 377 2891 cyathis
401 2810 518 2872 duobus
541 2813 641 2873 ieiuno
665 2813 700 2874 ad
725 2813 804 2874 diem
828 2813 920 2874 dabis.

79 2913 111 2961 12
220 2900 327 2962 Farina
354 2900 407 2961 lini
435 2903 556 2962 seminis
584 2902 683 2963 addito
712 2905 791 2964 nitro
824 2922 860 2964 ex
890 2905 958 2962 vino
986 2901 1081 2962 cabdo
1113 2904 1146 2964 in
1160 2919 1185 2960 eo

131 2992 251 3052 modum
274 2990 457 3070 malagmatis
479 2999 663 3071 temperatur
689 3000 719 3052 ct
741 2995 895 3071 inponitur
919 2993 1069 3052 cervicum
1094 2991 1146 3052 do·

78 3092 111 3140 13
130 3080 196 3161 lori,
215 3082 314 3141 statim
332 3079 477 3141 medetur.
510 3079 617 3140 Farina
636 3099 754 3159 quoquc
772 3080 878 3140 hordei
896 3098 965 3140 cum
984 3080 1043 3140 ficu
1062 3079 1147 3140 arida

78 3180 113 3228 14
132 3178 219 3231 tunsa
248 3171 392 3246 permixta
420 3177 450 3228 ct
477 3170 605 3245 inposita
633 3168 710 3228 idem
742 3177 879 3246 praestat.
925 3167 1080 3228 Lenticula
1112 3171 1145 3229 in

132 3266 214 3317 aceto
234 3257 366 3317 discocta
385 3255 551 3315 cervicibus
571 3256 752 3333 malagmatis
771 3274 853 3317 more
872 3257 1005 3336 adposita
1024 3257 1144 3318 dolores

79 3355 111 3404 15
132 3363 234 3405 earum
261 3346 385 3421 mitigat.
431 3343 474 3402 Ad
504 3345 654 3404 cervicum
681 3351 814 3405 tumores
842 3345 988 3406 sedandos
1018 3362 1187 3407 ovorumec

131 3431 223 3493 vitelli
250 3434 327 3492 cocti
356 3449 423 3491 cum
452 3430 537 3510 adipe
565 3434 701 3493 anserina
729 3432 907 3494 inliniuntur
930 3434 996 3494 felle
1019 3437 1143 3513 caprino

126 3522 233 3596 aequis
251 3517 440 3596 ponderibus
462 3521 611 3599 permixto
634 3529 723 3602 atque
746 3522 815 3583 inde
837 3524 968 3584 cervices
987 3522 1142 3584 fricantur.
