2438 3802
488 159 726 224 -115-

77 324 155 384 xlii
174 322 306 384 tunicula
326 321 372 382 vel
391 324 608 400 operimentum
628 323 797 400 parimodo
816 322 902 382 labiis
920 323 1109 401 profuturum
1129 337 1148 387 τ

96 420 131 474 ut
153 412 309 472 baerescat
326 412 508 490 inprimitur.
540 410 648 471 Serum
667 410 750 471 bovis
769 410 815 471 vel
834 410 918 472 vituli
937 429 1005 472 cum
1024 412 1109 491 adipe
1128 426 1145 475 8

95 503 236 562 anserino
260 502 422 579 inpositum
445 501 536 560 rimas
560 502 765 578 scissurasque
788 502 849 560 oris
873 501 983 578 optime
1004 503 1108 577 iungit.

93 589 168 669 Fagi
190 589 259 650 lolia
283 589 526 649 commanducata
549 597 675 667 prosunt
697 588 874 650 exulceratis
892 588 978 650 labiis
998 597 1028 649 et
1046 591 1143 666 gin-e

65 681 179 760 egiris,
198 680 224 739 si
243 697 311 738 cum
330 696 434 739 umore
454 677 560 738 salivae
575 680 763 756 inponantur.
793 678 962 757 Serpullum
976 677 1108 757 herbam,
1128 689 1162 739 10

93 786 183 847 quam
203 766 277 828 Galli
300 766 425 845 gilarum
449 766 561 846 dicunt,
585 769 703 827 ieiunus
727 767 777 828 diu
802 767 1035 848 commanduoet,
1059 769 1109 827 oui

92 875 128 917 os
151 855 264 936 letebit,
287 866 317 915 et
338 856 464 933 gluttiat.
501 854 637 915 Murinus
658 857 742 936 cinis,
766 857 797 916 id
820 865 866 917 est
888 853 986 935 pulvis
1009 858 1108 916 exusti
1127 866 1160 914 11

92 945 202 1024 muriS,
230 962 298 1004 cum
327 943 413 1004 melle
441 943 581 1004 dentibus
612 945 751 1005 inlrictus
783 945 906 1006 halitum
934 945 1018 1005 letidi
1046 948 1107 1006 oris

93 1033 239 1094 emendat.
284 1031 366 1092 Folia
393 1035 483 1112 myrti
510 1041 541 1093 et
567 1033 685 1093 lentisci
711 1035 777 1112 pari
803 1035 936 1113 pondere
962 1043 992 1095 et
1014 1034 1105 1112 gallae
1127 1043 1160 1092 12

51 1138 78 1178 ιο
93 1121 232 1202 Syriacae
256 1121 410 1183 dimidium
434 1121 551 1200 pondus
575 1139 633 1182 una
656 1124 714 1182 teri
732 1131 850 1201 oportet
869 1131 899 1183 et
918 1141 1018 1200 sparsa
1038 1125 1105 1182 vino

91 1229 180 1272 mane
199 1230 216 1271 a
234 1212 334 1271 ieiuno
357 1210 596 1271 commanducari
619 1209 664 1270 rel
688 1213 734 1271 ori
756 1210 848 1271 fetido
871 1213 982 1289 inponi.
1022 1209 1105 1288 Capi·
1127 1219 1160 1268 13

92 1301 132 1360 tis
160 1299 287 1379 leporini
315 1301 413 1360 exusti
441 1301 516 1359 cinis
544 1318 612 1360 cum
636 1299 728 1359 nardo
752 1299 799 1358 vel
822 1317 890 1359 cum
913 1298 1001 1357 melle
1024 1300 1106 1376 inpo-

92 1391 170 1450 situs
202 1389 275 1449 lenit
307 1388 504 1468 graveolentia
537 1390 598 1448 oris
630 1387 739 1448 ulcera.
788 1386 919 1447 Acorum
950 1385 1107 1446 Ponticum
1127 1394 1160 1443 14

91 1479 212 1538 ieiunus
235 1479 299 1538 vice
322 1479 454 1537 masticis
477 1476 609 1556 mandat,
636 1478 688 1556 qui
714 1475 865 1536 emendari
894 1474 1020 1536 voluerit
1046 1477 1107 1534 oris

49 1581 77 1622 ιο
92 1566 226 1627 fetorem.
273 1566 382 1628 Contra
416 1567 477 1625 oris
510 1566 635 1626 fetorem
668 1567 822 1644 origanum
856 1574 885 1626 et
918 1563 1009 1624 salem
1041 1565 1107 1641 pari
1126 1572 1158 1620 15

91 1674 232 1716 mensura
256 1663 394 1716 conteres
418 1663 448 1715 et
466 1654 534 1715 inde
554 1673 638 1715 mane
662 1674 696 1715 ac
719 1673 843 1733 vespera
865 1655 998 1732 gingivas
1021 1652 1107 1712 frica-

91 1743 153 1823 bis3
183 1754 217 1804 ut
243 1763 313 1804 vero
342 1763 375 1803 os
404 1751 487 1804 tuum
512 1761 629 1822 semper
652 1743 728 1804 bene
752 1743 837 1821 oleat,
861 1759 1004 1821 cyperum
1028 1759 1105 1801 com-

93 1833 237 1893 manduca
265 1833 317 1895 rel,
339 1835 416 1892 intra
445 1850 479 1892 os
504 1841 582 1893 tene.
628 1831 798 1892 Oscidinem
821 1830 914 1890 herba
936 1829 1106 1891 Britannica
1126 1837 1159 1886 16

91 1921 197 1981 viridis
220 1931 337 1999 sumpta
360 1923 391 1981 in
415 1921 481 1981 cibo
505 1921 637 1981 lactucae
660 1920 748 1980 modo
776 1927 873 1996 sanat;
901 1921 988 1980 tritae
1016 1921 1105 1980 etiam

49 2019 182 2089 soatque
211 2028 368 2089 expressae
397 2028 489 2070 sucus
518 2011 545 2069 si
572 2027 623 2068 ore
647 2010 847 2086 contineatur,
876 2009 951 2068 mire
975 2007 1106 2086 prodest.

92 2097 178 2169 Quod
208 2101 233 2159 si
259 2099 384 2159 viridem
413 2117 472 2159 non
500 2097 653 2177 habueris,
686 2097 797 2157 aridam
825 2096 948 2157 infunde
976 2097 1044 2156 vino
1078 2104 1107 2156 et

92 2187 200 2248 deinde
224 2206 307 2247 sume
331 2206 395 2248 eam
419 2196 449 2248 et
468 2188 600 2266 exprime
619 2185 761 2264 illumque
781 2203 886 2246 sucum
906 2187 984 2246 intra
1005 2203 1038 2244 os
1058 2184 1106 2244 ad-

92 2277 178 2337 sidue
197 2285 265 2336 tene
284 2285 335 2336 aut
354 2278 441 2336 etiarn
461 2275 614 2357 gargaliza,
633 2277 708 2335 mire
727 2275 857 2353 prodest.
891 2274 977 2334 Cicer
996 2272 1105 2334 colum·
1127 2281 1158 2330 17

91 2365 196 2425 binum
224 2376 406 2426 maceratum
433 2368 597 2444 tritumque
627 2375 657 2425 et
684 2366 811 2444 gingivis
834 2362 951 2424 inlitum
975 2363 1105 2441 prodest.

48 2468 77 2510 25
91 2453 198 2514 Ulcera
221 2456 405 2533 gingivarum
428 2454 668 2533 tossillarumque
695 2453 892 2515 carbunculos
912 2453 968 2515 bac
991 2455 1106 2514 ratione
1128 2459 1159 2508 18

92 2542 226 2604 curabis:
249 2543 387 2603 Polentae
410 2552 511 2621 partes
535 2544 608 2604 duas
631 2552 662 2603 et
685 2544 753 2604 salis
777 2551 892 2622 partem
917 2561 1007 2603 unam
1030 2541 1106 2602 bene

92 2641 247 2691 contusam
267 2634 454 2711 conspargito
474 2651 510 2692 ex
529 2633 634 2713 mulso,
654 2631 760 2693 deinde
779 2652 814 2692 ex
833 2632 880 2692 his
894 2650 986 2710 panes
1000 2637 1106 2691 tenues

92 2720 182 2780 lacito
211 2739 321 2800 eosque
350 2721 437 2781 furno
466 2730 517 2782 aut
544 2720 660 2781 clibano
688 2723 810 2798 pistoris
834 2722 954 2798 coquito
985 2726 1015 2778 et
1038 2737 1107 2778 cum

92 2827 169 2888 opus
193 2809 292 2888 luerit,
316 2808 391 2869 bene
415 2812 561 2869 contritos
584 2827 620 2866 ex
644 2826 719 2885 aqua
743 2809 869 2886 gingivis
888 2808 1013 2885 inlinito,
1038 2825 1106 2865 con-

49 2912 78 2953 to
92 2901 178 2959 tinuo
202 2898 394 2958 sanabuntur.
423 2896 546 2956 Arboris
565 2897 656 2973 pruni
674 2895 742 2954 lolia
762 2912 829 2954 cum
850 2896 916 2954 vino
936 2895 1106 2970 decoquun-
1127 2899 1158 2947 19

91 2998 156 3066 tur,
184 3005 287 3047 eorum
316 3004 407 3047 sucus
435 3001 595 3063 expressus
622 2984 700 3041 intra
729 3000 762 3042 os
786 2989 920 3041 retentus
943 2980 1105 3058 plurimum

92 3075 224 3154 prodest.
271 3075 433 3136 Galbanum
462 3072 546 3134 melle
574 3069 738 3132 delibutum
766 3069 866 3130 ulcera
889 3071 920 3127 in
945 3085 1005 3147 ore,
1031 3085 1105 3144 quae
1125 3073 1159 3124 20

93 3163 199 3224 Graeci
223 3164 347 3242 aphthas
370 3171 488 3242 vocant,
511 3161 629 3222 inlitum
653 3168 744 3220 sanat.
789 3157 888 3218 Pulvis
912 3156 1106 3216 tenuissimus
1126 3163 1157 3211 21

93 3255 171 3314 costi
188 3252 350 3334 ulceribus,
373 3253 498 3331 quaein
518 3271 568 3311 ore
589 3257 685 3331 erunt,
704 3249 856 3328 adpositus
880 3247 953 3305 mire
975 3243 1106 3323 prodest.

166 3459 245 3530 but]
266 3459 323 3513 aut.
382 3457 525 3514 sfaetidi.
586 3463 617 3512 11
637 3457 734 3512 remu.
790 3460 823 3510 15
842 3454 941 3510 fetore.
995 3456 1029 3507 25
1048 3452 1107 3506 tos·

94 3528 291 3597 cellarumque,
342 3534 376 3584 32
395 3528 555 3585 dilibutum.
645 3533 679 3584 33
697 3528 799 3602 spiras.
859 3533 900 3584 ‘el
913 3521 1127 3596 probesbtssbx

933 3618 972 3673 Q*-
