2438 3802
480 190 517 200 —
566 153 718 218 359-

92 317 232 396 solvatur,
255 323 358 394 postea
377 313 475 376 oleum
494 317 655 393 myrtinum
674 323 705 376 et
723 333 878 376 rosaceum
898 325 928 377 et
946 318 1101 379 cedrinum

92 415 123 466 et
141 407 355 464 ammoniacum
374 405 479 464 tritum
498 403 679 464 admiscetur
698 412 727 464 et
742 411 813 464 tunc
828 404 1006 466 subducitur
1019 406 1101 466 llam·

92 512 147 573 ma,
167 511 204 552 ne
224 493 396 552 effervescat
414 491 674 572 medicamentum3
696 492 861 552 secundum
881 511 956 572 quae
975 493 1103 554 adicitur

93 599 214 642 crocum
242 581 347 640 tritum
376 598 411 639 er
440 586 536 660 aceto,
567 579 673 640 deinde
701 598 800 659 myrra
827 583 896 641 trita
925 583 1102 661 aspergitur,

64 668 231 733 sultimum
254 670 366 728 nitrum
390 675 420 727 et
437 668 541 728 Assius
563 667 638 746 lapis
657 668 776 728 additur
794 677 824 729 ct
843 671 887 730 sio
905 671 1103 748 compositum

92 756 340 817 medicamentum
363 758 519 834 reponitur
541 758 573 815 in
595 755 710 835 pyxide.

182 844 315 922 Acopum
329 844 364 903 ad
379 843 610 922 perlrictionem,
629 840 834 905 lassitudinem
849 853 878 906 et
892 844 1023 906 dolorem
1039 853 1102 907 ten·
1121 863 1137 912 6

94 935 266 1010 sionemque
294 950 467 1013 nervorum,
493 932 571 1010 quod
599 931 696 992 hieme
720 932 884 995 adhibitum
907 953 966 994 non
990 937 1103 1014 patitur

92 1021 309 1100 perfrigescere
333 1019 494 1099 quamlibet
515 1028 630 1098 partem
654 1020 868 1101 membrorum3
891 1023 948 1083 hoc
970 1023 1103 1102 Augusta

51 1131 80 1170 ro
94 1108 174 1170 Livia
205 1107 357 1188 utebatur,
386 1111 494 1187 accipit
521 1108 607 1169 haee:
641 1107 774 1169 Samsuci
801 1109 884 1168 lloris
912 1108 944 1170 ἃ
967 1110 993 1190 l,
1024 1113 1102 1171 roris

94 1199 199 1258 marini
228 1196 367 1256 loliorum
390 1194 422 1256 X
441 1196 467 1276 l,
496 1196 679 1274 laenograeci
702 1196 733 1258 P.
752 1196 778 1275 1,
806 1199 867 1256 vini
889 1196 1008 1258 Falerni
1033 1216 1103 1257 con-

94 1288 184 1365 gium,
207 1284 265 1344 olei
283 1282 440 1344 Venafrani
458 1284 489 1346 P.
508 1283 540 1345 V.
572 1284 694 1345 Praeter
717 1283 814 1344 oleum
838 1287 935 1346 omnia
954 1285 1052 1345 triduo
1072 1288 1102 1346 in

94 1375 162 1433 vino
191 1375 335 1432 macerari
362 1372 524 1454 oportebit,
553 1380 659 1452 quarto
688 1373 735 1432 die
763 1372 861 1433 oleum
888 1372 1046 1433 admisceri
1073 1382 1104 1434 et

94 1463 183 1540 coqui
201 1463 232 1520 in
251 1479 346 1540 pruna
365 1479 424 1521 non
444 1463 506 1522 acri
524 1461 781 1540 medicamentum,
802 1461 897 1521 donec
915 1463 1015 1521 vinum
1035 1479 1104 1521 con·

51 1571 79 1612 ra
94 1560 237 1628 sumatur,
260 1556 363 1627 postea
386 1549 533 1628 percolari
555 1567 609 1628 per
632 1548 756 1609 linteum
780 1549 887 1628 duplex
910 1548 1035 1628 oleoque
1054 1549 1103 1609 ad·

94 1638 152 1699 buc
176 1638 283 1699 calenti
307 1656 393 1698 cerae
415 1637 554 1698 Ponticae
578 1637 610 1700 P.
631 1637 651 1697 S
675 1637 752 1697 adici
775 1640 925 1718 convenit3
948 1639 1104 1716 reponitur

93 1727 341 1787 medicamentum
361 1726 444 1786 fictili
462 1726 508 1786 vel
527 1733 648 1803 stagneo
668 1743 746 1785 vaso.
774 1724 848 1786 Usui
862 1733 908 1786 est
921 1725 999 1786 lenta
1015 1744 1104 1787 manu

93 1814 272 1894 perductum
295 1814 433 1874 omnibus
456 1814 607 1874 membris.

183 1903 316 1979 Acopum
343 1901 379 1961 ad
409 1920 569 1962 nervorum
597 1919 714 1980 causas,
742 1901 821 1980 quod
848 1919 903 1979 per
926 1901 1140 1971 vindemiama

50 2010 80 2050 so
95 1991 292 2067 componitur,
315 1996 473 2067 antequam
496 1997 627 2050 mustum
650 1989 843 2069 defervescat,
867 1991 923 2050 sic:
946 1988 1036 2050 Musti
1057 2007 1103 2050 re·

95 2077 191 2137 centis
215 2078 335 2153 congios
354 2075 377 2132 V
395 2085 426 2136 et
444 2076 502 2136 olei
520 2076 677 2137 Venafrani
695 2076 726 2137 P.
745 2076 769 2155 l,
790 2079 821 2136 in
844 2077 891 2136 bis
914 2085 1103 2138 macerantur

94 2165 220 2244 species,
243 2181 318 2242 quac
342 2163 419 2223 inira
442 2167 570 2242 scriptae
590 2173 669 2244 sunt,
692 2173 833 2225 contusae
853 2173 882 2225 et
900 2165 1102 2243 peroribratae

94 2251 303 2331 grandioribus
323 2251 519 2313 foraminibus
538 2252 638 2332 cribri,
661 2252 690 2313 id
712 2262 757 2313 est
775 2255 828 2312 iris
847 2252 978 2332 illyricae
998 2252 1023 2313 X
1043 2252 1103 2335 XL,

94 2342 196 2420 cyperi
210 2339 235 2400 X
250 2339 309 2422 XL,
323 2340 401 2400 lacni
415 2343 513 2419 graeci
528 2339 553 2400 X
567 2340 627 2422 XL,
641 2343 753 2420 piperis
768 2343 846 2420 nigri
862 2340 886 2401 X
901 2339 960 2422 XL,
976 2341 1103 2421 xylobal-

52 2448 81 2489 25
95 2431 169 2489 sami
179 2428 264 2507 XXL,
279 2429 383 2489 calami
397 2429 520 2511 odorati,
531 2448 589 2509 quo
600 2433 789 2507 unguentarii
803 2437 938 2512 utuntur,
953 2430 1105 2512 XLXXX,

95 2517 218 2578 schoeni
240 2516 266 2578 X
289 2517 402 2597 LXXX,
425 2519 574 2579 saliuncae
597 2517 623 2579 X
646 2516 766 2598 LXXX,
790 2519 917 2580 sertulae
941 2519 1104 2599 Campanae

95 2605 120 2665 X
140 2605 229 2682 Xllll,
253 2608 348 2665 casiae
372 2609 474 2684 nigrae
494 2606 519 2666 X
534 2605 651 2686 XXllil,
674 2606 855 2668 cardamomi
873 2607 899 2667 X
912 2607 988 2687 XXl,
1012 2617 1104 2688 styra·

95 2697 138 2753 cis
161 2692 187 2751 X
211 2691 339 2770 XXVlll,
362 2695 437 2753 costi
460 2692 581 2772 XXllll,
604 2711 720 2771 myrrae
744 2695 884 2754 Amineae
907 2694 933 2752 X
956 2694 1033 2775 XXI,
1056 2715 1104 2756 ca-

96 2781 156 2838 siae
180 2778 360 2855 daphnitidis
384 2778 409 2837 X
433 2778 528 2856 Xllll,
552 2782 650 2857 spicae
673 2779 759 2839 nardi
782 2780 808 2839 X
831 2780 891 2838 XL.
932 2780 1011 2842 Haec
1035 2801 1104 2843 cum

51 2888 80 2928 ao
95 2872 193 2926 musto
222 2872 252 2924 et
279 2864 342 2923 oleo
371 2871 560 2923 macerantur
582 2869 612 2925 in
637 2883 705 2924 vaso
729 2875 850 2944 stagneo
872 2873 924 2926 aut
947 2868 1030 2927 fictili
1053 2888 1105 2948 po·

96 2957 151 3015 sita
174 2970 228 3033 per
251 2952 314 3012 dies
337 2949 426 3010 XXX.
468 2949 593 3028 Oportet
620 2960 719 3012 autem
745 2970 796 3012 vas
819 2953 894 3012 benc
919 2953 1051 3015 clausum
1074 2965 1105 3017 et

95 3042 245 3120 alligatum
277 3040 323 3100 bis
355 3040 386 3099 in
415 3038 462 3099 die
493 3038 566 3099 solvi
594 3048 624 3100 ct
650 3041 826 3119 permisceri
853 3043 963 3120 omnia,
996 3042 1104 3104 deinde

95 3149 201 3192 rursus
225 3129 336 3208 operiri
359 3135 389 3188 et
412 3129 532 3207 signari,
555 3147 592 3189 ne
616 3130 694 3188 vires
718 3135 902 3189 evanescant.
934 3129 1005 3190 Post
1023 3129 1105 3191 XXX

95 3220 159 3280 dies
183 3217 318 3279 colantur
342 3225 496 3296 macerata,
520 3216 556 3278 dc
581 3216 689 3297 quibus
708 3219 792 3297 quasi
811 3215 908 3279 oleum
926 3236 1036 3298 purum
1055 3239 1104 3281 ex·

186 3360 199 3407 1
218 3351 392 3480 myrtinum}
401 3353 574 3409 tertbendum
590 3353 700 3411 uiduus
713 3353 832 3408 irinum.
880 3359 921 3405 tt
930 3352 1020 3404 ἰωὴ.
1028 3348 1137 3414 mmlx

90 3425 241 3478 sextarium
262 3441 347 3477 unum
388 3426 496 3483 arabon.
609 3432 648 3484 28
671 3425 814 3483 bmuneae
833 3424 988 3480 Sermone.
1007 3415 1159 3468 niumm

82 3492 242 3548 Carnarius.
316 3500 353 3551 29
373 3495 473 3568 spicea
494 3499 601 3576 nendi]
619 3498 780 3576 asperatur
799 3496 943 3555 Scribens.
