2438 3802
513 165 550 176 -
599 127 752 195 264-

69 306 104 360 95
213 293 397 374 Ungularum
415 311 598 373 aprunarum
616 301 788 354 exustarum
807 295 882 355 cinis
896 297 1011 374 potioni
1025 298 1141 377 insper·

70 399 104 448 80
125 403 177 445 808
199 383 362 464 plurimum
387 385 489 445 urinae
509 381 698 443 difficultates
717 385 806 444 iuvat.
838 382 963 462 Leporis
980 385 1141 448 cerebrum

124 477 156 535 in
180 475 248 535 vino
277 473 391 534 utiliter
414 472 528 533 bibitur
552 473 677 550 eiusque
700 471 832 533 testiculi
854 475 956 534 tostati
979 473 1141 536 salubriter

70 577 104 626 87
124 563 342 625 manducantur
365 560 402 622 ab
426 579 470 641 eo,
494 562 546 639 qui
568 562 699 621 vessicae
723 559 867 622 molestiis
887 561 1009 624 laborat.
1048 566 1140 626 Ause-

123 672 191 715 rum
210 651 391 713 silvestrium
410 649 528 728 liuguae
546 657 659 710 assatae
675 649 836 710 efficaciter
851 659 1011 712 sumuntur
1025 653 1060 712 in
1075 652 1165 714 cibos

69 753 104 804 88
124 760 140 802 a
164 740 328 802 calculosis.
366 737 481 818 Cymini
506 771 545 782 —
566 737 588 819 l,
611 745 695 799 rutae
715 738 798 820 -1,
820 741 932 819 piperis
955 743 1142 802 semunciam

124 838 204 890 teres
229 827 386 906 diligenter
409 834 439 888 et
463 825 596 888 cocleare
619 827 741 906 plenum
763 830 795 889 in
818 830 894 888 meri
915 831 1025 890 veteris
1045 833 1140 909 potio·

125 934 193 977 nem
221 918 322 977 mittes
350 924 381 976 et
404 934 497 996 aquae
525 915 605 994 quod
628 916 757 977 sufficiat
780 916 903 998 adicies3
931 925 1036 997 postea
1061 920 1141 980 ferro

125 1004 263 1066 candenti
293 1006 411 1084 saepius
438 1007 570 1066 inmerso
599 1004 752 1066 calefacies
784 1014 815 1066 et
846 1008 947 1067 ieiuno
974 1005 1141 1070 bibendum

69 1107 104 1156 89
124 1093 217 1175 dabis,
236 1094 441 1156 efficacissima
460 1093 619 1156 subvenies
638 1096 806 1174 stranguria
822 1094 976 1158 laboranti.
1009 1096 1142 1178 Spongia
1155 1113 1176 1153 1o

124 1201 160 1244 ex
193 1182 269 1244 rubo
302 1186 416 1244 rosario
445 1186 556 1264 agresti
585 1190 702 1262 sumpta
730 1191 760 1244 et
787 1202 863 1264 aqua
891 1185 1010 1267 frigida,
1045 1187 1142 1248 donec

122 1272 282 1354 madescat,
300 1281 448 1334 macerata
467 1292 501 1334 80
520 1273 627 1334 deinde
646 1274 715 1333 trita
735 1279 765 1332 et
784 1291 820 1333 ex
840 1291 915 1352 aqua
930 1292 985 1352 per
1004 1277 1142 1338 triduum

69 1375 103 1423 90
122 1364 208 1441 potui
236 1362 303 1423 data
331 1362 493 1424 efficaciter
521 1361 686 1423 calculosos
709 1361 854 1423 emendat.
900 1362 995 1424 Piscis
1019 1368 1140 1445 scorpio

68 1463 103 1511 91
123 1459 238 1512 assatus
257 1453 288 1512 iu
308 1450 375 1512 cibo
395 1457 532 1530 sumptus
551 1452 662 1530 optime
682 1449 829 1511 calculoso
847 1451 978 1530 prodest.
1014 1453 1140 1517 Cocleae

121 1542 239 1621 inanes,
267 1539 297 1600 id
325 1547 372 1601 est
399 1542 463 1601 sine
492 1557 581 1600 carne
610 1558 676 1620 sua,
708 1541 845 1600 iuventae
874 1548 1016 1602 contusae
1051 1553 1082 1606 et
1110 1547 1141 1605 in
1154 1559 1176 1600 0

122 1629 276 1710 pulverem
299 1625 509 1690 tenuissimum
531 1628 668 1689 redactae
686 1630 718 1688 in
737 1631 857 1707 potione
877 1629 1033 1692 calculosis
1054 1633 1140 1695 datae

69 1730 103 1778 92
122 1719 290 1780 medentur.
332 1717 465 1797 Ungulae
495 1719 620 1797 equinae
649 1716 768 1778 scobem
792 1718 838 1778 vel
861 1726 982 1779 exustae
1007 1723 1141 1784 cinerem

69 1819 103 1867 93
124 1810 150 1868 si
173 1807 340 1868 calculosus
363 1809 395 1868 in
417 1808 570 1886 potionem
588 1809 746 1887 acceperit,
765 1809 824 1867 cito
844 1805 1006 1869 sanabitur.
1039 1809 1141 1873 Herba

122 1897 281 1977 saxifraga,
311 1898 336 1958 si
359 1914 396 1957 ex
420 1896 484 1956 oleo
509 1903 539 1956 08
562 1894 722 1975 liquamine
745 1895 955 1977 manducetur,
983 1899 1064 1960 intra
1089 1903 1141 1963 tri·

122 1984 214 2045 duum
238 1985 367 2046 calculos
390 1984 540 2046 dissolvet.
1153 2003 1177 2044 0

67 2083 102 2132 84
211 2073 373 2136 Calculosis
392 2081 534 2154 expertus
553 2072 689 2134 adfirmat
706 2071 922 2135 incredibiliter
939 2080 1081 2139 succurri
1095 2098 1140 2140 re·

120 2163 218 2224 medio
242 2163 302 2245 tali,
326 2165 352 2224 si
374 2163 501 2244 hircum,
524 2161 631 2222 melius
655 2164 681 2222 si
703 2169 860 2243 agrestem,
883 2162 991 2224 melius
1011 2168 1037 2226 si
1056 2171 1140 2230 anni·

120 2251 223 2312 culum
250 2261 280 2312 et
309 2253 334 2311 si
361 2269 464 2312 mense
491 2251 625 2328 Atigusto
655 2249 773 2312 claudas
801 2251 867 2312 loco
895 2254 975 2314 sicco
1004 2272 1060 2333 per
1087 2259 1140 2318 tri-

120 2339 226 2420 duum,
253 2347 289 2399 ut
316 2341 344 2398 ei
372 2339 449 2400 solas
476 2337 578 2399 laurus
602 2338 731 2400 edendas
755 2338 966 2403 subministres
990 2354 1020 2404 et
1043 2363 1139 2426 aquae

120 2427 194 2486 nibil
220 2427 358 2506 accipiat3
386 2427 422 2486 ad
450 2434 635 2505 postremum
658 2430 748 2488 tertio
772 2428 833 2507 die,
861 2430 892 2490 id
916 2439 962 2492 est
985 2440 1036 2494 aut
1059 2434 1175 2496 lousa

120 2522 171 2574 aut
195 2513 282 2596 Solis,
305 2514 430 2575 occidas.
464 2514 570 2576 Melius
594 2522 693 2576 autem
716 2518 781 2591 erit,
807 2519 833 2577 si
856 2528 957 2581 castus
980 2540 1138 2604 purusque

122 2604 212 2663 luerit
239 2610 269 2663 et
298 2605 350 2682 qui
378 2603 487 2664 occidit
510 2611 541 2664 et
564 2606 616 2684 qui
639 2605 764 2683 accipiet
786 2608 960 2670 remedium.
1007 2610 1138 2675 Exsecto

120 2693 212 2770 igitur
240 2699 361 2772 gutture
391 2695 456 2754 eius
484 2695 604 2772 sanguis
633 2695 794 2775 excipitur3
827 2696 944 2779 utilius,
973 2701 999 2759 si
1026 2699 1063 2760 ab
1093 2704 1138 2762 in-

119 2780 252 2844 vestibus
279 2784 382 2863 pueris
410 2784 589 2866 excipiatur3
617 2781 804 2845 comburitur
832 2787 864 2845 in
887 2804 955 2847 vaso
980 2788 1064 2848 fictili
1087 2810 1138 2852 08-

120 2890 177 2953 000
197 2871 233 2934 ad
253 2873 394 2935 cinerem.
428 2872 485 2934 Vas
504 2881 612 2954 autem,
635 2874 666 2934 in
686 2891 744 2952 quo
764 2873 937 2950 torrebitur,
961 2887 1137 2956 coopertum
1150 2890 1175 2932 ⁰⁰

120 2971 149 3024 08
176 2962 294 3025 inlitum
322 2981 414 3044 gypso
442 2964 473 3023 in
504 2963 625 3024 furnum
653 2964 803 3044 mittetur3
830 2963 909 3041 quod
933 2982 1001 3024 cum
1025 2986 1137 3046 vapore

119 3056 274 3134 exemeris,
297 3055 328 3114 in
351 3052 504 3132 pulverem
529 3059 666 3113 conteres
689 3069 806 3112 necnon
830 3058 860 3111 08
883 3052 1023 3132 polypum
1047 3061 1139 3120 mari-

118 3157 190 3202 num
222 3142 397 3224 identidem,
430 3149 464 3202 ut
492 3140 565 3222 dixi,
599 3146 737 3202 exustum
766 3141 797 3199 in
825 3139 979 3219 pulverem
1006 3145 1137 3224 rediges.

140 3360 147 3374 ι
208 3293 354 3373 tiaram..
395 3293 535 3348 3010800.
587 3297 620 3346 10
639 3292 798 3361 stranguria
818 3292 976 3351 Carnarius.
1033 3299 1137 3367 sphon-

118 3379 191 3432 gtae.
266 3369 298 3418 19
317 3361 442 3419 andium.
517 3367 549 3416 15
569 3378 636 3417 casu
655 3364 720 3418 add.
739 3369 802 3420 cale
820 3365 951 3422 inventae
971 3367 1136 3430 Carnarius.

120 3437 152 3487 18
173 3434 335 3490 calculosos.
431 3439 466 3488 20
485 3433 622 3489 dissolvet
639 3435 751 3503 scripsi:
770 3437 901 3491 assolvet.
997 3444 1030 3493 91
1051 3441 1138 3498 adfir-

117 3503 224 3559 miriat.
297 3511 330 3559 22
350 3504 520 3573 agniculum.
594 3511 627 3559 91
647 3504 747 3575 vapori
767 3504 924 3563 Carnarius.
