2438 3802
454 147 692 211 -219-

62 312 187 373 iacentis
210 317 346 389 ponatur.
382 309 454 369 Post
476 310 580 370 horam
604 328 692 387 quam
715 309 772 370 hoc
796 311 903 370 feceris
927 310 964 370 de
983 310 1075 370 nardo

62 400 164 479 tepido
192 398 378 459 stomachum
405 397 582 476 perlricabis
610 406 640 458 et
667 399 704 458 de
733 398 842 459 sabano
867 398 949 458 molli
971 398 1077 459 leviter

63 487 242 567 detergehis,
266 486 373 547 deinde
396 487 548 546 infirmum
572 485 761 547 deambulare
786 488 885 547 iacies

151 577 304 637 Confectio
328 574 520 655 epithematii,
544 575 622 654 quod
646 576 792 636 stomachi
814 582 946 636 vetustas
967 587 1129 636 causasttt

33 665 201 726 aemendat
223 672 253 724 et
276 664 313 724 ad
337 664 533 742 digestionem
556 664 724 725 confirmat:
750 663 863 744 Ceram,
886 682 989 724 sevum
1012 670 1076 723 tau-

63 756 177 832 rinum,
204 751 362 813 medullam
393 754 555 832 cervinam,
584 755 741 830 axungiam
769 761 914 832 veterem,
945 753 1076 812 resinam

63 840 302 920 terebinthinam,
324 841 432 900 horum
456 840 589 918 pondera
612 841 727 918 singula
746 840 878 919 aequaha
896 843 1014 920 mitteS,
1026 841 1075 900 de·

63 930 133 990 inde
157 930 266 989 adicies
290 928 384 989 mellis
411 962 449 970 —
469 928 519 1008 ΙΙΙ,
542 931 674 989 masticis
698 963 739 973 -
760 928 813 1010 ΙΙΙ,
837 948 913 1008 qnae
936 929 1075 1007 liquanda

63 1018 175 1079 luerint
197 1017 325 1097 liquabis
349 1026 379 1078 et
402 1035 477 1096 quae
497 1017 647 1078 tundenda
666 1017 774 1078 tnudes
794 1027 824 1078 et
843 1021 885 1078 sic
906 1019 1075 1078 conlectum

19 1123 48 1162 so
61 1107 246 1167 medicamen
269 1109 301 1167 in
324 1105 415 1166 linteo
440 1105 605 1184 adponetur
629 1107 796 1187 stomacho,
819 1106 899 1185 qnod
923 1115 991 1166 ante
1015 1124 1075 1165 mo·

61 1206 195 1256 mentum
217 1195 337 1274 prandii
360 1194 494 1254 subtrahi
518 1197 664 1256 convenit.

150 1283 224 1344 ltem
243 1283 321 1343 aliud
342 1283 498 1363 epithema,
513 1283 592 1361 quod
607 1283 768 1343 elficaciter
783 1283 907 1362 prodest
921 1282 1129 1343 stomachottt

62 1380 93 1431 et
116 1371 294 1433 visceribus:
318 1371 450 1432 Storacis
472 1371 565 1451 -ΙΙ,
589 1371 668 1432 aloes
694 1404 731 1414 -
749 1371 784 1451 ll,
807 1370 976 1450 petrosilini
1000 1403 1037 1412 -
1054 1370 1076 1450 l,

63 1477 149 1520 cerae
168 1459 200 1520 P.
219 1459 241 1540 Ι,
263 1460 347 1521 nardi
366 1460 396 1522 P.
416 1460 438 1540 Ι,
463 1462 594 1521 masticis
615 1458 711 1540 -ll,
736 1462 853 1520 resinae
872 1461 976 1520 frictae
995 1459 1026 1519 P.
1047 1458 1076 1539 S,

16 1562 47 1604 15
61 1551 178 1608 resinae
206 1547 424 1609 terebinthinae
451 1581 487 1592 -
514 1549 554 1630 ΙΙ,
582 1568 657 1628 quae
686 1548 824 1628 liquanda
851 1556 921 1608 sunt
947 1546 1076 1627 liquabis

61 1645 92 1698 et
115 1655 190 1715 qnae
209 1637 360 1698 tundenda
384 1637 491 1698 tondes
515 1646 544 1697 et
567 1637 762 1716 permiscehis
786 1646 816 1698 et
840 1639 882 1698 sic
906 1637 1077 1697 confectum

61 1725 244 1786 medicamen
268 1725 405 1786 similiter
428 1725 519 1786 linteo
543 1727 699 1787 inductum
723 1726 874 1787 stomacho
899 1726 1037 1804 adpones.

149 1814 193 1874 Ad
221 1814 456 1875 confirmandum
486 1815 671 1876 stomachum
694 1814 740 1874 vel
769 1815 1018 1893 conservandum,
1047 1816 1130 1873 sitta

62 1904 129 1980 quis
156 1903 307 1963 infirmum
335 1903 424 1963 hahet
452 1904 488 1963 de
517 1911 678 1981 quartanae
706 1902 823 1982 labore,
851 1903 1076 1981 epithematium

16 2005 49 2044 20
63 1997 165 2052 tenue:
197 1993 347 2070 Aiungiae
370 1993 525 2070 porcinae,
549 1991 662 2070 butyri,
685 1993 802 2050 resinae
825 1991 943 2069 frictae,
966 1989 1076 2049 herbae

63 2077 197 2159 Sabinae,
220 2099 305 2140 cerae
325 2081 408 2140 rulae
427 2079 518 2140 libras
539 2080 678 2160 singulas,
697 2097 836 2139 cerussae
858 2112 895 2122 -
917 2077 966 2158 ΙΙΙ,
990 2096 1076 2138 cerae

59 2167 200 2229 Ponticae
224 2200 267 2211 -
286 2167 334 2228 ΙΙΙ.
374 2168 454 2229 Haeo
478 2171 576 2230 omnia
599 2186 735 2229 seorsum
758 2174 860 2246 parata
882 2166 1022 2227 miscebis
1047 2173 1076 2226 et

60 2257 150 2317 simul
173 2257 323 2336 decoques
347 2260 443 2318 etsie
467 2259 570 2320 uteris.

149 2344 317 2424 Descriptio
335 2345 492 2426 Polyarchi
515 2347 551 2407 ad
572 2345 759 2407 stomachum
781 2352 851 2424 post
873 2344 1003 2404 diutinas
1029 2343 1069 2403 fe·
1077 2353 1127 2403 149

16 2432 160 2494 sobrium
183 2433 333 2496 molestias
357 2435 608 2514 componendum:
635 2433 737 2495 Casiae
759 2467 797 2477 —
819 2432 843 2514 l,
868 2452 953 2493 rosae
977 2434 1073 2493 siccae

59 2553 105 2564 -
131 2521 158 2602 Ι,
186 2525 288 2602 cyperi
318 2557 356 2566 —
389 2523 414 2604 l,
443 2524 623 2584 cardamomi
652 2557 691 2566 —
721 2523 747 2602 Ι,
776 2520 966 2583 nardostachi
992 2554 1028 2564 —
1055 2521 1077 2602 l,

60 2610 147 2670 nardi
161 2610 266 2671 Celtici
283 2644 320 2653 —
336 2611 358 2692 l,
373 2611 549 2672 malabathri
566 2645 604 2656 —
620 2611 642 2692 l,
657 2614 711 2672 iris
724 2611 859 2692 Illyricae
876 2644 914 2653 -
931 2609 952 2688 l,
968 2627 1076 2670 oenan-

59 2697 127 2759 thes
154 2732 190 2741 —
213 2698 239 2781 l,
262 2702 395 2760 masticis
419 2700 508 2760 Chiae
532 2699 620 2778 -Ι,
644 2703 726 2760 croci
749 2700 838 2778 -Ι,
862 2699 970 2771 amomi
993 2696 1076 2777 -Ι,

59 2786 184 2847 meliloti
211 2787 290 2867 -Ι,
313 2788 444 2848 absinthi
468 2787 550 2867 -Ι,
574 2789 651 2847 costi
672 2819 710 2830 -
731 2787 752 2864 l,
776 2794 876 2864 guttae
901 2787 1078 2846 ammoniaci

15 2890 46 2930 ³⁰
64 2875 140 2956 -Ι,
159 2876 239 2937 aloes
259 2875 339 2955 -Ι,
358 2878 434 2936 turis
456 2907 494 2920 —
511 2875 533 2954 Ι,
551 2892 668 2952 myrrae
685 2905 723 2915 —
740 2873 762 2952 1,
785 2872 886 2933 bdellii
905 2869 986 2950 drap.
1000 2872 1074 2950 Vlll,

59 2967 185 3026 storacis
213 2961 293 3044 drag.
321 2963 348 3024 X
376 2965 407 3023 in
435 2965 503 3023 vino
532 2961 662 3040 inlusae,
689 2959 882 3039 xylobalsami
909 2957 991 3037 drap.
1014 2958 1077 3037 llll,

149 3157 168 3206 4
190 3151 371 3221 epithimatii.
391 3181 425 3192 —
445 3150 524 3206 Haec
545 3148 703 3218 competitio
727 3153 752 3202 et
774 3164 843 3216 quoe
870 3146 994 3216 sequitur
1020 3145 1078 3199 tam

57 3237 146 3292 supro
169 3242 188 3279 o
211 3223 345 3278 Marcello
365 3224 473 3292 positae
495 3227 577 3290 seut·
599 3222 636 3288 of.
659 3219 754 3291 §102
778 3223 803 3273 et
827 3222 891 3273 103.
933 3217 995 3271 Hoc
1019 3216 1077 3272 loeo

55 3295 159 3362 paucio
181 3295 271 3348 oerbe'a
293 3295 407 3349 mutatio
430 3295 560 3362 repetitae
582 3297 648 3347 suot
671 3296 722 3345 out
739 3290 775 3344 ab
797 3290 858 3358 ipso
876 3289 1009 3356 scriptore
1027 3289 1077 3341 tot

59 3367 172 3420 menori
203 3366 382 3420 remediorum
414 3365 471 3420 iam
506 3364 682 3418 laudatorum
719 3366 769 3415 aut
803 3361 838 3415 oh
874 3359 1077 3426 interpolatore.

62 3436 305 3491 tterohintinam.
367 3440 399 3490 12
419 3434 566 3506 epithima.
627 3438 659 3488 17
679 3431 863 3487 stomachum.
924 3435 958 3486 et
977 3430 1079 3486 nordo-

61 3503 164 3560 oeltioi.
244 3505 378 3562 inanthis.
460 3510 495 3561 30
514 3503 611 3560 dellin.
695 3509 731 3559 at
749 3501 903 3559 stornohio.
