2438 3802
509 114 749 180 -198-

122 277 195 338 haec
223 279 403 359 conpositio,
432 295 500 338 cum
527 277 635 338 habeat
662 279 693 338 in
722 295 753 338 se
784 277 857 337 nihil
888 279 977 337 taetri
1009 277 1139 338 medica·

122 367 223 448 menti,
242 366 279 426 ad
298 366 479 428 inflationem
498 366 643 426 stomachi
658 373 688 426 et
703 364 865 427 cruditates
880 375 910 426 et
923 365 1023 426 acidas
1037 373 1138 428 ructa·

121 457 218 516 tiones
242 463 272 516 et
295 455 332 516 ad
355 457 468 516 ventris
492 454 624 514 dolorem
648 462 678 514 et
700 457 805 515 urinae
826 454 1032 515 difficultatem
1052 455 1138 516 etad

121 544 262 604 convulsa
284 546 466 604 intrinsecus
487 551 517 602 et
536 551 623 621 rupta
642 545 740 603 omnia
760 552 789 603 et
808 543 844 603 ad
863 543 1018 624 horrores3
1037 551 1138 604 moret

121 635 210 693 etiam
229 641 382 692 menstrua
401 631 569 711 mulierum,
589 650 657 692 cum
676 631 836 692 difficulter
853 638 1029 710 purgantur.
1063 631 1161 693 Items

121 719 251 780 detrahit
269 722 296 778 si
315 738 372 798 qua
392 738 427 779 cx
446 728 534 797 partu
554 729 605 781 aut
624 720 733 780 aborsu
752 722 933 781 intrinsecus
947 723 1055 781 nociva
1070 721 1139 782 sub·

121 810 266 887 stiteriut;
290 807 378 867 datur
401 809 521 868 omniuo
546 811 610 869 sine
631 817 713 868 metu
732 817 763 869 et
781 810 889 869 ieiunis
908 817 939 868 et
957 816 1025 869 ante
1045 827 1138 870 cenae

120 905 240 973 tempus
259 903 375 974 etpost
394 914 497 956 cenam
516 897 551 956 ad
571 915 741 958 mensuram
761 897 875 958 denarii
893 899 983 957 unius
1002 896 1049 957 vel
1066 898 1139 958 duo·

121 1002 188 1043 rum
212 1002 248 1043 ex
271 1002 364 1063 aquae
388 985 502 1064 cyathis
525 985 622 1046 tribus
650 994 680 1046 et
706 987 732 1045 si
754 985 822 1064 plus
845 985 986 1064 ponderis
1010 986 1140 1065 quilibet

121 1075 291 1153 sumpserit,
315 1092 375 1133 nou
398 1073 540 1134 laedetur.
575 1074 753 1153 Praegnanti
772 1092 832 1134 non
856 1082 902 1135 est
925 1073 1055 1135 dandum
1081 1076 1174 1136 hocio

119 1161 368 1240 medicamentum
393 1181 448 1223 nec
472 1163 661 1224 febricitanti.

66 1261 102 1311 34
208 1252 382 1313 Antidotum
410 1251 617 1313 Philonianum
645 1251 681 1311 ad
710 1269 814 1311 omnes
841 1253 977 1311 internos
1007 1251 1138 1334 dolores,

121 1339 200 1417 quod
223 1340 259 1400 ad
283 1343 435 1401 tensiones
458 1340 603 1401 stomachi
631 1347 661 1400 et
684 1342 951 1419 empneumatosim
973 1342 1138 1420 praecipue

120 1427 202 1506 lacit,
230 1428 332 1489 colicis
360 1447 479 1508 quoque
507 1429 642 1508 prodest,
670 1428 779 1508 quibus
806 1431 837 1488 in
866 1428 968 1488 dolore
996 1446 1033 1489 ex
1059 1447 1139 1509 aqua

119 1516 225 1594 frigida
254 1516 353 1597 datur,
382 1519 490 1577 ceteris
520 1535 556 1576 ex
583 1517 677 1578 calida
705 1535 773 1578 cum
799 1516 926 1595 oxymeli
948 1517 1014 1577 dari
1038 1517 1177 1600 debet,1o

119 1612 233 1665 tussem
255 1605 345 1679 sedat,
365 1607 508 1666 tertianas
522 1606 647 1665 mirifice
662 1605 738 1666 tollit
757 1613 825 1665 ante
840 1613 1023 1666 momentum
1039 1610 1139 1687 suspi-

121 1695 214 1754 cionis
244 1693 358 1774 datum3
387 1693 525 1754 omuibus
553 1703 652 1754 autem
680 1695 717 1754 ad
744 1695 865 1754 modum
892 1693 976 1754 fabae
1004 1694 1139 1756 dandum

120 1784 186 1863 erit,
210 1789 326 1843 constat
344 1801 380 1842 ex
398 1783 461 1844 his:
483 1782 570 1843 Croci
585 1775 624 1868 ,β
640 1782 699 1863 XV,
718 1782 853 1862 pyrethri
872 1784 1064 1864 semunciam,
1085 1803 1139 1845 eu-

120 1869 199 1929 forbi
222 1874 413 1953 semunciam,
435 1873 534 1950 spicae
553 1871 639 1932 nardi
658 1873 849 1950 semunciam,
872 1872 984 1949 piperis
1003 1871 1063 1932 albi
1082 1891 1139 1933 un-

121 1961 181 2019 cias
205 1959 278 2021 duas
302 1963 401 2041 semiS,
424 1961 594 2040 hyoscyami
612 1962 716 2020 uncias
735 1959 809 2020 duas
828 1961 926 2039 semis,
950 1961 1012 2038 opii
1026 1952 1066 2046 ,9⁴
1082 1960 1139 2043 111;
1153 1979 1179 2020 eo

120 2047 225 2108 melior
244 2051 311 2130 erit,
331 2052 356 2110 si
375 2049 465 2110 addas
484 2049 651 2128 petrosilini
671 2041 774 2134 ῼΙΙΙ,
794 2047 881 2108 dauci
900 2047 1010 2108 Cretici
1025 2041 1065 2134 9«
1080 2049 1138 2132 lll;

120 2136 270 2215 colligitur
294 2137 379 2197 melle
398 2139 496 2198 Attico
521 2140 605 2197 etin
628 2155 698 2197 vaso
721 2139 815 2197 vitreo
840 2135 894 2196 sub
916 2137 1068 2214 signaculo
1088 2157 1138 2199 re·

119 2227 250 2303 ponitur.

66 2321 101 2371 35
210 2311 367 2372 Stomacho
396 2310 542 2372 laboranti
565 2311 682 2378 cocleae
705 2323 845 2392 prosunt,
874 2315 900 2373 si
923 2315 954 2373 in
977 2331 1053 2392 aqua
1076 2314 1137 2374 ier-

119 2408 207 2458 veant
230 2408 260 2459 et
283 2402 326 2460 sic
350 2397 530 2460 carbonibus
553 2408 725 2461 torreantur
748 2409 836 2480 atque
860 2403 902 2463 ita
925 2420 961 2462 ex
984 2419 1136 2481 oenogaro
1151 2423 1178 2465 aa

67 2498 101 2548 33
121 2493 277 2546 sumantur
304 2489 401 2566 inpari
433 2505 567 2548 numero.
614 2488 805 2550 Stomachum
833 2492 1077 2551 reumatizantem
1105 2500 1138 2554 et

120 2575 270 2635 dolentem
293 2583 323 2636 et
346 2575 535 2654 languentem
558 2584 588 2637 et
612 2576 789 2638 dissolutum
808 2581 938 2657 primum
956 2582 1071 2639 mansio
1091 2580 1136 2641 lu·

120 2663 186 2724 cida
208 2671 239 2724 et
262 2682 321 2725 non
344 2666 469 2725 nimium
492 2665 598 2745 frigida
621 2684 677 2726 nec
701 2668 772 2727 satis
796 2667 888 2729 calida
916 2667 992 2728 bene
1016 2671 1136 2750 accipit,

119 2759 183 2814 turn
212 2753 389 2833 cataplasma
417 2755 483 2815 lieri
512 2755 600 2816 debet
623 2755 660 2816 de
683 2755 761 2816 loliis
784 2757 887 2818 vitium
911 2756 958 2816 vel
981 2759 1007 2816 si
1030 2759 1136 2818 vineae

120 2841 189 2903 lolia
216 2861 276 2904 non
304 2844 428 2923 luerint,
458 2845 494 2906 de
523 2847 648 2907 rumicis
677 2847 738 2906 sive
766 2844 835 2906 rubi
863 2844 941 2906 loliis
969 2844 1016 2905 vel
1038 2845 1076 2906 de
1100 2864 1135 2906 ea
1150 2865 1177 2906 ao

120 2935 290 2994 summitate
309 2933 386 3015 rubi,
410 2953 485 3014 quae
505 2937 577 2996 satis
595 2943 698 2996 tenera
717 2941 771 2996 est.
804 2933 867 2995 lloc
886 2933 1045 3012 diligenter
1063 2937 1135 2995 teri-

119 3028 170 3082 tur
193 3041 262 3083 cum
285 3023 411 3084 dactulis
435 3027 567 3103 quinque
589 3025 758 3085 minutatim
786 3025 897 3101 carptis
920 3025 950 3083 in
974 3031 1058 3084 aceto
1082 3023 1138 3107 diu

67 3119 101 3171 33
121 3113 285 3172 maceratis.
310 3110 508 3190 Epithematio
524 3119 623 3172 autem
641 3111 698 3171 hoc
715 3118 786 3191 post
796 3111 973 3190 cataplasma
988 3114 1032 3173 uti
1046 3129 1135 3190 opor·

211 3261 273 3316 liu
293 3280 322 3317 se
341 3279 390 3318 ont.
464 3263 664 3317 lconvulsem
682 3261 861 3318 intrensecus.
935 3270 1072 3320 deuorsu
1091 3265 1134 3320 iu·

119 3334 271 3388 transenna.
353 3332 531 3401 equiehbet.
611 3338 644 3387 12
663 3330 834 3388 filouienum.
909 3342 941 3389 13
961 3334 1134 3404 empleuma-

119 3403 211 3460 tieem.
286 3409 318 3456 15
337 3401 458 3457 oximeli.
538 3409 570 3457 18
588 3402 695 3474 piretu'.
772 3409 806 3458 25
826 3421 960 3476 yuogaro.
1032 3412 1066 3461 28
1085 3424 1134 3464 ac-

120 3473 203 3544 cepit.
276 3479 310 3527 ta
330 3472 518 3543 epithymetio
536 3475 590 3530 hoc
609 3476 712 3530 autem.
