2438 3802
532 129 776 194 -132-

113 308 128 358 a
148 297 209 354 riae
228 295 307 375 lacit,
325 292 537 354 reservandum
556 299 656 352 autem
674 299 721 351 est
738 289 845 370 pyxide
865 289 968 350 buxea.
999 291 1161 371 Arteriace,

149 402 207 463 qua
229 382 335 443 melior
357 400 417 443 non
441 389 495 462 est,
518 381 650 442 relertur
671 387 771 440 autem
794 380 826 438 in
849 378 1043 458 Asclepiaden
1067 379 1161 440 medi·

148 491 217 533 cum
241 473 399 551 optimum,
423 471 493 530 lacit
516 470 552 530 ad
576 471 675 529 omnia
698 469 836 548 superius
860 466 938 527 dicta
961 476 992 527 et
1015 467 1160 546 quidquid

147 563 179 621 in
198 562 316 621 arteriis
335 561 400 619 vitii
418 566 464 619 est
483 559 644 618 efficaciter
658 563 752 637 curat,
772 563 888 616 constat
906 574 942 615 ex
960 555 1021 616 his:
1044 555 1161 636 Myrrae

148 652 275 728 optimae
294 649 414 726 pinguis
438 646 596 726 llllllllll,
619 643 804 725 tragacanthi
827 644 944 705 candidi
963 643 1189 725 xxxivdie

147 736 348 816 glycyrrhizae
371 735 479 795 radicis
504 734 652 814 rervm,
681 736 797 794 resinae
826 731 1045 793 terebinthinae
1074 753 1162 795 verae

149 822 322 885 xxxiivi.
351 823 587 902 Tragacanthum
607 825 684 884 sicut
704 831 750 883 est
769 821 910 882 contundi
930 830 960 882 et
978 821 1162 900 percrihrari

148 914 232 972 tenui
251 913 396 972 foramine
416 920 541 994 oportet,
561 911 669 973 deinde
687 928 817 990 myrram
836 912 937 970 tritam
956 929 1092 971 seorsum
1112 912 1161 972 ad-

147 1002 269 1061 misceri
292 1009 322 1061 et
345 1019 451 1062 rursus
474 1009 601 1080 utraque
625 1002 656 1060 in
680 1018 773 1060 unum
798 999 848 1059 diu
872 1001 929 1060 teri
953 1008 1042 1078 atque
1064 1002 1106 1060 ita
1129 1002 1161 1061 in

147 1088 236 1168 pilam
265 1091 341 1150 coici
373 1098 403 1150 et
437 1088 479 1149 ibi
514 1107 583 1150 cum
615 1086 820 1150 concaluerint
852 1089 950 1148 omnia
987 1090 1050 1148 ictu
1083 1088 1161 1167 pilae
1176 1110 1202 1150 ιο

147 1178 280 1259 assiduo,
308 1177 538 1239 terebinthinam
571 1177 712 1257 paulatim
739 1179 873 1256 misceri,
906 1176 999 1237 donec
1027 1179 1160 1239 omnium

147 1268 246 1327 unitas
274 1267 340 1348 fiat3
376 1275 480 1346 postea
511 1265 724 1347 glycyrrhizam
757 1273 911 1326 contusam
940 1275 971 1326 et
1000 1265 1161 1326 cribratam

146 1358 347 1434 mortarioque
367 1350 459 1416 nihilo
476 1359 576 1417 minus
596 1354 754 1434 diligenter
772 1355 874 1415 tritam
892 1356 1003 1414 sensim
1022 1355 1162 1434 adspergi

148 1447 294 1504 convenit.
331 1443 388 1504 Sed
408 1444 460 1504 ubi
478 1443 552 1504 baec
569 1444 646 1505 benc
665 1446 756 1504 mixta
775 1443 895 1524 luerint,
913 1443 984 1503 dum
1005 1442 1081 1504 calet
1099 1463 1160 1505 me·

146 1532 354 1612 dicamentum‚
373 1532 475 1610 plures
494 1532 636 1593 accedant
652 1541 681 1593 et
694 1531 802 1611 pilulas
815 1533 924 1592 iaciant
938 1534 1031 1592 viciae
1048 1535 1202 1611 magni-15

145 1620 258 1681 tudine.
292 1619 341 1680 Fit
359 1623 438 1680 enim
458 1623 517 1681 cito
537 1620 695 1681 durissima
714 1621 788 1681 haec
806 1622 950 1681 arteriace
969 1633 999 1681 et
1017 1621 1074 1682 hcc
1094 1623 1159 1701 ipsc

144 1710 299 1788 praecedit
318 1716 441 1788 ceteras,
465 1712 534 1788 quia
552 1708 669 1788 linguae
688 1709 822 1770 subiecta
841 1727 901 1770 non
920 1709 1005 1770 facile
1025 1710 1160 1792 solvitur,

145 1800 239 1858 etita
263 1799 375 1859 diutius
399 1797 520 1858 exhibet
543 1797 724 1859 salubritatis
748 1798 895 1858 ellectum.

109 1897 126 1946 8
234 1886 388 1948 Brassicae
407 1887 517 1948 crudae
537 1886 640 1948 folium
658 1886 808 1948 levissime
827 1890 927 1968 terito,
949 1904 985 1946 ex
1002 1905 1037 1946 eo
1052 1905 1158 1948 sucum

110 1977 317 2056 aexprimitc,
346 1995 405 2056 quc
433 1995 490 2037 uva
518 1983 653 2038 contacta
678 1983 816 2056 potenter
840 1974 1018 2036 sublevatur.
1065 1975 1159 2037 Pruni
1173 1998 1199 2038 ro

145 2062 215 2124 folia
238 2067 299 2125 sive
323 2067 409 2126 satiri
432 2084 485 2126 seu
510 2065 656 2126 silvestris
684 2066 812 2125 euvino
836 2064 957 2124 decocta
986 2072 1016 2124 et
1039 2067 1159 2143 saepius

93 2163 127 2213 10
146 2153 321 2230 gargalizata
344 2173 430 2214 uvam
449 2154 566 2214 resilire
586 2153 776 2232 compellunt.
814 2151 911 2213 Gallae
930 2155 1017 2212 tritae
1036 2153 1159 2232 pulvere

144 2259 201 2300 uva
225 2249 359 2302 contacta
383 2242 487 2302 eodem
511 2243 559 2302 die
582 2242 692 2323 resilit,
720 2244 747 2302 si
769 2249 816 2301 ter
840 2243 868 2301 ei
890 2243 1055 2301 interiectis
1076 2241 1159 2302 horis

94 2339 126 2387 11
145 2328 328 2388 medicamen
357 2331 449 2389 fuerit
477 2330 654 2407 adpositum.
701 2329 812 2408 Capitis
836 2331 944 2390 summi
967 2331 1108 2390 verticem
1133 2333 1160 2390 si

145 2417 212 2492 quis
237 2435 323 2476 uvam
348 2416 493 2477 laboranti
519 2417 653 2478 mordeat
676 2419 807 2498 inopino,
830 2419 999 2482 amnicum
1021 2418 1158 2479 molestia
1172 2438 1199 2480 aa

93 2516 126 2564 12
144 2502 290 2564 liberabit.
325 2504 359 2564 In
377 2506 526 2583 principio
546 2505 657 2566 doloris
676 2525 732 2566 uva
751 2505 827 2566 bene
842 2505 1023 2588 sublevatur,
1042 2509 1067 2566 si
1083 2525 1158 2586 aqua

94 2604 126 2653 13
145 2591 251 2669 frigida
272 2590 317 2651 vel
335 2611 425 2670 posca
444 2593 566 2654 adsidue
585 2594 788 2673 gargalizetur.
821 2594 940 2655 Lotium
957 2603 1041 2655 vetus
1056 2595 1157 2656 huma·

144 2698 218 2740 num
241 2680 356 2741 adiecto
380 2699 468 2742 crocc
492 2681 528 2743 ab
552 2685 647 2743 inscio
670 2701 708 2744 ne
731 2683 862 2744 fastidiat
884 2694 1004 2763 epotum
1028 2683 1073 2743 vel
1092 2702 1157 2763 gar·

144 2767 300 2848 galizatum
328 2772 437 2831 mirum
466 2773 497 2832 in
525 2772 645 2833 modum
673 2790 761 2833 uvam
784 2775 920 2852 reprimit
948 2780 978 2833 ct
1001 2775 1157 2834 consumit.

92 2870 126 2920 14
146 2857 227 2919 Cinis
255 2867 399 2920 testarum
428 2869 563 2922 ustarum
591 2881 627 2922 ex
650 2865 758 2922 ostreis
782 2880 850 2923 cum
875 2861 960 2922 melle
983 2864 1158 2922 tenuissime
1172 2881 1199 2922 ac

93 2958 126 3010 15
147 2950 294 3010 contritus
319 2968 390 3010 uvae
414 2950 517 3011 inlitus
540 2951 670 3030 prodest.
708 2950 786 3012 liubi
810 2950 928 3012 coliculi
946 2953 1044 3011 teneri
1063 2950 1158 3010 disec-

145 3047 279 3117 quuntur
302 3057 339 3098 ex
362 3041 428 3100 vinc
450 3040 540 3119 idque
560 3042 660 3100 vinum
679 3038 882 3119 gargalizatur,
901 3038 981 3118 quod
1000 3039 1158 3100 confestim

217 3215 231 3261 1
250 3209 461 3279 reservandum]
486 3208 652 3263 servandum
673 3206 832 3263 Cornarius.
905 3214 923 3262 4
941 3209 1064 3280 arteriis]
1085 3210 1158 3264 arie-

144 3276 187 3331 111
202 3277 361 3334 Carnarius.
416 3280 500 3333 vitiis.
555 3279 764 3347 dclyeyriizee.
819 3280 969 3349 8op0rtit.
1026 3285 1059 3333 10
1074 3280 1158 3336 iectu.

146 3352 179 3400 11
198 3348 411 3404 terebentinam.
499 3355 531 3404 12
550 3347 737 3418 glieaerizem.
821 3351 967 3405 levitice.
1051 3356 1084 3405 tc
1103 3353 1158 3406 hoe

144 3433 194 3474 om.
269 3424 302 3472 1⁷
320 3418 385 3474 fale.
449 3425 482 3473 20
501 3419 666 3490 exprimelo.
730 3425 763 3474 22
782 3419 904 3478 resilere.
963 3425 998 3476 25
1016 3420 1157 3477 liberauit.

144 3492 178 3542 21
197 3487 362 3560 humanum]
382 3488 533 3545 bominum.
