2438 3802
511 141 664 206 -362
713 176 750 186 -

74 312 105 360 11
213 300 257 360 lu
276 299 413 360 morbum
432 301 620 362 articularem
640 305 696 364 sic:
720 299 832 380 Piperis
846 320 938 379 grana
953 301 1050 385 Vllll,
1070 307 1146 366 inui-

125 389 191 468 pcri
209 407 299 468 grana
319 388 405 463 Vllll,
425 390 547 450 feniculi
566 393 755 469 semunciam,
779 389 874 450 mellis
893 390 1041 469 cyathum
1061 393 1088 474 Ι,
1111 413 1146 454 ex

125 479 186 538 viui
208 479 329 557 potione
353 478 425 538 haec
449 496 517 537 cnm
542 481 639 538 omnia
662 479 737 539 bene
761 480 881 538 triveris
903 485 935 538 et
954 484 1143 558 permiscue-

125 568 176 648 ris,
200 569 231 627 iu
254 565 328 626 solio
351 565 448 625 balnei
472 565 565 626 calido
589 566 716 627 bibenda
740 565 832 626 dabis.
1209 556 1211 635 l

74 668 107 716 12
216 654 367 714 Confectio
391 652 605 735 medicaminis,
634 655 712 733 quod
739 655 809 715 facit
831 653 866 714 ad
891 673 996 715 omnes
1023 657 1163 720 dolorosa
1209 638 1211 661 ⁵

125 751 155 803 et
183 740 218 801 ad
248 759 349 800 omnes
377 748 510 800 tumores
538 761 698 803 nervorum
722 753 752 802 ct
776 741 980 803 membrorum
1005 748 1141 807 omnium

125 829 170 889 vel
194 827 381 909 conlisiooeS,
405 831 466 888 sive
490 829 605 891 fervore
629 833 690 891 sive
714 832 824 909 frigore
848 831 960 891 fuerint
983 836 1141 914 excitatae,
1209 856 1211 919 ᾗ

124 918 283 996 praecipue
312 923 409 976 antem
438 917 509 979 facit
536 918 571 978 ad
600 919 729 980 faucium
758 927 904 979 tumorem
935 928 966 980 et
994 921 1140 999 dolorem,

76 1042 79 1047 -
125 1007 177 1082 qui
200 1004 311 1064 Graece
334 1004 444 1065 dicitur
466 1006 648 1084 paristbmia,
671 1007 829 1067 conficitur
852 1010 908 1068 sle:
932 1007 1002 1068 Sevi
1029 1012 1140 1071 taurini

124 1092 176 1152 sed
202 1094 264 1152 veri
282 1092 313 1152 P.
332 1111 434 1170 unum,
457 1097 519 1154 sevi
542 1097 691 1155 vervecini
712 1097 841 1155 recentis
863 1129 901 1137 -
921 1095 972 1175 ΙΙΙ,
995 1101 1063 1158 sevi
1082 1099 1171 1158 hir-o

123 1183 185 1242 cini
204 1183 334 1241 recentis
353 1213 396 1224 -
414 1180 460 1262 Vl,
482 1184 622 1260 porcinae
642 1185 785 1261 axungiae
805 1185 933 1243 recentis
952 1183 984 1243 P.
1004 1185 1028 1265 Ι,
1055 1205 1138 1248 cerae

125 1270 235 1330 nitidae
254 1268 284 1330 P.
304 1269 325 1349 Ι,
348 1270 464 1330 resinae
485 1270 595 1330 nitidae
613 1271 644 1331 P.
663 1271 684 1332 Ι.
718 1270 828 1331 Serum
846 1271 891 1331 vel
910 1271 1030 1350 adipem
1051 1277 1138 1335 unius

123 1361 269 1436 cuiusque
297 1361 415 1436 generis
444 1367 599 1436 purgatam
623 1367 652 1419 et
675 1367 793 1419 tunsam
816 1359 852 1419 ad
877 1378 964 1438 supra
990 1364 1139 1441 scriptum

123 1446 240 1525 pondus
263 1445 412 1524 adpendes
435 1457 465 1506 et
488 1449 531 1506 sic
555 1449 585 1506 iu
609 1447 768 1507 caccabum
791 1450 905 1526 mittes,
935 1456 1000 1508 tum
1025 1451 1137 1512 adicies

122 1553 222 1594 ceram
242 1543 272 1593 et
289 1536 432 1614 resinam;
453 1552 526 1612 qnae
546 1553 614 1595 cum
633 1536 745 1596 fuerint
761 1535 849 1596 simul
863 1535 943 1596 lento
958 1539 1029 1614 igne
1044 1538 1137 1618 lique·
1150 1559 1171 1600 n

123 1623 214 1701 facta,
242 1621 352 1681 celabis
379 1640 412 1681 ea
441 1631 471 1681 et
493 1624 524 1681 in
547 1641 597 1682 vas
622 1623 701 1702 quod
726 1623 853 1684 volueris
877 1624 1024 1685 defundes
1049 1638 1137 1706 atque

123 1712 227 1790 uteris,
251 1728 319 1770 cnm
342 1728 417 1788 opus
440 1710 539 1770 luerit.

75 1811 105 1859 te
213 1797 412 1858 decolorem
437 1798 631 1859 medullarum
655 1799 820 1860 remedium
843 1802 899 1862 sic:
930 1799 996 1861 Olei
1019 1805 1138 1881 cyprini

124 1885 155 1946 P.
174 1885 210 1966 ll,
233 1886 377 1947 medullae
401 1890 537 1948 cervinae
557 1886 663 1967 -Vl,
686 1886 786 1966 butyri
809 1890 922 1948 vaccini
943 1922 985 1930 -
1005 1888 1057 1971 ΙΙΙ,
1076 1893 1138 1952 sevi

124 1977 235 2034 taurini
257 2008 294 2017 —
311 1975 360 2053 ΙΙΙ,
378 1975 473 2054 adipis
491 1977 622 2035 anserini
638 2008 676 2018 -
692 1975 742 2055 ΙΙΙ,
761 1994 847 2036 cerae
861 1975 1001 2037 Ponticae
1019 2010 1061 2020 —
1079 1979 1137 2060 Vll,
1149 2000 1170 2040 n

124 2062 237 2122 bdellae
265 2097 301 2106 -
323 2062 376 2143 ΙΙΙ,
404 2067 507 2144 oesypi
532 2096 570 2106 -
590 2063 639 2123 ΙΙΙ.
680 2063 722 2123 lle
745 2063 793 2124 bis
816 2064 953 2125 omnibns
977 2067 1137 2144 speciebus

124 2153 221 2211 tunsis
249 2153 379 2212 excoctis
406 2155 540 2230 purgatis
568 2170 661 2212 unum
690 2170 798 2231 corpus
827 2153 917 2212 facies
946 2161 976 2213 et
1004 2172 1062 2232 pro
1091 2175 1135 2216 ce·

124 2247 190 2298 roto
214 2241 317 2299 uteris.

71 2339 105 2386 14
212 2326 255 2384 Ad
279 2325 426 2404 paralysin
446 2335 475 2386 et
494 2345 652 2386 nervorum
672 2326 789 2388 dolores
808 2327 929 2387 herbam
950 2330 1137 2392 urceolarem

123 2412 268 2471 madidam
293 2415 322 2471 io
347 2412 506 2489 pultarium
530 2432 639 2473 novum
663 2417 762 2474 mittes
786 2424 816 2475 et
839 2415 874 2475 ad
894 2434 1014 2496 prunas,
1039 2419 1169 2480 donccve

124 2517 155 2558 sc
170 2500 310 2577 remittat,
328 2517 492 2580 excoques3
511 2508 582 2560 tunc
597 2503 627 2559 in
642 2505 816 2563 mortarium
831 2506 960 2564 conicies
975 2513 1006 2565 et
1020 2507 1136 2569 adiecto

123 2586 252 2646 lomento
272 2594 302 2646 et
321 2594 413 2665 aceto,
438 2597 581 2666 qnantum
601 2591 671 2649 satis
691 2592 738 2669 sit,
762 2591 927 2652 diutissime
947 2601 1088 2656 conteres
1107 2603 1136 2656 et

124 2692 178 2754 pro
202 2673 375 2753 malagmate
399 2674 472 2736 locis
495 2676 664 2738 dolentibus
688 2679 826 2758 adpones.

72 2777 104 2824 to
212 2762 310 2824 Herba
331 2763 501 2826 Britannice
524 2766 626 2826 viridis
655 2785 723 2828 eom
750 2767 900 2827 radicibus
924 2770 986 2828 suis
1009 2779 1135 2832 contusa

124 2861 153 2914 et
176 2871 315 2932 expressa
339 2862 427 2933 atque
448 2873 483 2914 cx
506 2857 567 2915 vini
590 2855 702 2934 cyathis
725 2855 841 2916 duobus
865 2856 910 2915 vel
932 2856 1031 2917 tribus
1051 2861 1172 2937 potuim

122 2949 238 3020 sumpta
262 2961 422 3002 nervorum
446 2942 628 3021 quibuslibet
651 2943 802 3003 doloribus
825 2951 964 3022 potenter
987 2946 1136 3028 medetur,

70 3044 103 3093 16
123 3038 265 3108 quantum
285 3033 485 3108 experimenta
509 3032 684 3092 docuerunt.
725 3031 823 3091 Herba
843 3034 988 3092 vettonica
1012 3036 1083 3095 trita
1106 3044 1137 3096 et

71 3132 103 3180 17
122 3120 249 3195 inposita
269 3137 375 3178 nervos
394 3122 481 3179 etiam
501 3122 652 3197 praecisos
668 3121 821 3197 coniungit
835 3127 866 3180 et
879 3119 1013 3198 glutinat.
1046 3123 1137 3202 Myrti

123 3205 190 3265 folia
210 3206 312 3266 viridia
333 3207 461 3267 admixto
480 3208 596 3268 modico
616 3207 675 3268 sale
693 3216 723 3267 et
737 3217 820 3268 aceto
835 3217 958 3268 contusa
972 3227 1135 3272 nervorum

119 3293 344 3372 poplitumquae
359 3293 510 3354 doloribus
524 3304 658 3375 prosunt,
678 3298 703 3355 si
721 3295 767 3355 his
782 3296 904 3356 adsidue
918 3298 1135 3375 perfricentnr.
1148 3314 1173 3358 so

54 3391 94 3442 18
200 3382 247 3446 De
276 3383 375 3448 tribus
406 3384 538 3449 cumulis
567 3394 682 3464 terrae,
715 3401 792 3460 nuos
816 3383 915 3457 talpae
937 3385 1071 3458 tactum,
1088 3398 1137 3444 ses

93 3472 226 3538 sinistra
254 3496 353 3543 mann
388 3477 474 3562 qnod
506 3472 755 3559 adprehendens
774 3466 882 3541 tolles,
899 3464 966 3519 *ooo
987 3472 1036 3517 est
1052 3481 1165 3520 mosem
