2438 3802
484 154 723 218 -119-

94 319 193 396 guinis
213 318 385 396 eruptiones
405 317 488 376 etad
508 318 683 377 eminentias
707 319 792 394 quasi
810 317 933 381 callosas
957 320 1036 379 circa
1055 336 1106 379 an·

93 405 179 486 gulos
207 407 376 483 geusiarum
400 413 430 465 et
453 405 568 466 radices
592 405 740 486 dentium,
769 405 839 466 lacit
868 414 898 466 et
924 406 960 466 ad
987 416 1104 468 veretra

94 504 125 556 et
148 494 184 554 ad
208 493 350 572 longioris
373 497 517 572 temporis
540 495 663 554 fissuras
686 495 717 552 in
737 512 801 572 auo,
823 512 897 573 quas
916 494 1022 554 Graeci
1040 495 1106 554 rba·

94 583 184 662 gadas
203 582 364 662 appellant:
386 582 511 643 Chartae
530 591 624 661 ustae,
642 582 757 661 plumbi
776 585 845 660 usti,
864 601 1004 661 squamae
1020 582 1107 643 rubri

65 673 182 751 saeris,
205 673 415 750 auripigmenti
434 671 459 730 ll
478 671 574 749 binos,
593 671 723 751 sulpuris
743 673 800 731 vivi
818 670 884 752 xl3
903 673 991 732 siccis
1010 671 1056 731 bis
1076 680 1107 732 et

94 759 171 820 bene
200 762 279 820 tritis
305 763 350 820 uti
373 767 504 838 oportet,
533 768 579 820 est
602 762 681 820 enim
705 760 943 821 efficacissimum
967 759 1105 820 omnibns

94 866 184 926 supra
204 851 324 927 scriptis
342 849 599 909 medicamentum.
635 848 766 909 luthera
784 849 819 909 ad
839 850 971 928 gingivas
990 859 1105 910 tumen·
1125 861 1159 911 38

93 945 140 997 tes
163 945 193 996 et
216 937 252 997 ad
275 937 376 998 ulcera
399 936 561 997 abalienata
580 939 611 997 in
632 939 758 997 ueretris
778 938 863 998 etad
883 957 925 1018 ea,
944 941 975 998 in
995 938 1105 1018 quibus

93 1027 219 1085 nimium
243 1045 311 1086 caro
334 1027 440 1086 vitiosa
464 1027 642 1086 excreverit:
679 1025 786 1104 Cyperi
809 1027 893 1106 lili,
922 1029 1003 1088 croci
1025 1026 1051 1085 ll
1071 1027 1105 1108 ll,

50 1138 79 1178 ro
94 1132 211 1193 myrrae
240 1114 309 1194 lii,
338 1114 475 1175 aluminis
503 1115 566 1175 lissi
593 1113 676 1194 lill,
705 1115 882 1178 sandaracae
910 1113 979 1174 iil.
1026 1114 1105 1176 Haec

91 1205 163 1262 trita
182 1220 318 1263 seorsum
337 1205 416 1263 etin
435 1221 529 1263 unum
548 1205 638 1263 mixta
656 1212 845 1280 reponuntur
869 1211 899 1263 et
917 1205 996 1263 sicca
1016 1221 1105 1281 supra

92 1291 180 1351 dictis
203 1293 283 1352 vitiis
307 1291 493 1352 adhibentur.

518 1484 597 1546 CAP.
621 1483 683 1545 Xll.

90 1597 252 1654 Dentium
272 1597 449 1653 doloribus
468 1600 503 1653 et
521 1597 610 1652 vitiis
630 1611 751 1653 eorum
769 1596 937 1653 universis
955 1595 1106 1652 remedio

133 1686 273 1755 physion
296 1689 330 1743 et
352 1686 565 1742 rationabilia
588 1686 723 1742 diversa
746 1687 789 1741 de
812 1685 1064 1755 experimentis.

179 1823 223 1883 Ad
247 1824 380 1884 dentium
400 1823 533 1882 dolorem
553 1824 687 1901 quamvis
705 1821 832 1900 plurimi
848 1820 948 1882 dicant
971 1821 1104 1882 lorlicem
1126 1834 1140 1882 1

90 1911 257 1972 remedium
280 1930 345 1972 esse
370 1913 524 1989 optimum,
547 1910 639 1970 multa
662 1919 761 1970 tamen
780 1911 855 1968 citra
876 1908 952 1970 hanc
976 1912 1105 1970 uecessi-

48 2008 183 2065 mtatem
212 2003 274 2062 scio
303 2000 460 2079 proluisse.
508 1999 610 2077 ltaque
639 2017 707 2059 cum
735 2015 842 2058 exesus
870 2004 917 2057 est
944 1998 1041 2076 aliqua
1069 2017 1104 2057 ex

90 2098 175 2168 parte
199 2089 286 2168 deus,
313 2107 372 2149 non
396 2088 506 2148 suadeo
530 2089 668 2166 protinus
691 2084 867 2166 tollendum,
891 2086 943 2145 sed
968 2085 1104 2145 exciden-

90 2178 162 2238 dum
191 2178 306 2256 scalpro
330 2176 511 2256 medicinali,
539 2194 597 2254 qua
620 2182 741 2236 cavatus
765 2181 823 2254 est,
853 2174 932 2252 quod
957 2175 1020 2234 sine
1044 2172 1104 2233 ullo

90 2267 125 2327 lit
152 2266 267 2346 dolore;
295 2267 409 2344 reliqua
437 2267 517 2326 enim
545 2264 637 2324 solida
665 2282 735 2342 pers
763 2264 828 2324 eius
856 2270 887 2323 et
915 2264 1045 2342 speciem
1076 2273 1106 2322 et

90 2373 179 2416 usum
203 2356 301 2416 dentis
324 2354 494 2433 praestabit.
531 2353 590 2414 Sed
609 2372 677 2415 cum
697 2352 781 2413 dolor
805 2351 933 2433 urgebit,
956 2353 1036 2412 varie
1061 2369 1105 2412 se·

48 2444 207 2504 sedendus
230 2452 276 2504 est
299 2445 410 2523 partim
431 2442 591 2504 collutionc
611 2442 807 2523 quorundam,
829 2443 938 2519 partim
957 2459 1105 2501 comman-

90 2532 270 2612 ducatione‚‘
290 2550 514 2611 nonnumquam
537 2532 688 2593 suffitione
716 2542 768 2592 aut
791 2533 971 2609 inpositione
994 2529 1105 2609 aliquo·

90 2639 158 2680 rum
189 2621 399 2681 remediorum.
445 2621 571 2682 Prodest
604 2639 675 2699 ergo
709 2619 839 2680 colluere
867 2637 901 2679 os
931 2620 1105 2698 frequenter

90 2709 191 2769 radice
214 2709 324 2769 herbae
348 2709 571 2788 quinquefoliae
587 2711 721 2768 incoctae
741 2711 822 2787 vino,
845 2710 917 2768 item
940 2706 1032 2767 herba
1056 2725 1105 2767 nr·

90 2795 201 2856 ceolari
230 2806 260 2856 et
292 2800 428 2874 cupressi
460 2797 541 2856 bacis
574 2814 649 2873 aqua
677 2798 816 2875 incoctis3
849 2795 954 2855 alterci
985 2813 1105 2873 quoque

47 2902 76 2945 ss
90 2882 175 2944 radix
198 2883 274 2944 bene
297 2886 406 2960 accipit
429 2892 481 2942 aut
503 2882 637 2942 eiusdem
661 2900 762 2942 semen
784 2882 904 2942 linteolo
925 2883 1021 2958 spisso
1040 2882 1105 2942 inli-

89 2981 192 3052 gatum
219 2981 249 3032 et
276 2990 352 3051 aqua
380 2971 498 3048 saepius
526 2969 765 3048 infervelactum‚
797 2971 885 3028 etiam
917 2986 1008 3028 sucus
1041 2971 1105 3029 eius

89 3070 197 3138 tepens
215 3061 355 3121 dentibus
374 3058 525 3120 adbibitus
543 3056 705 3138 plurimum
725 3055 858 3135 prodest.
886 3055 988 3116 Sulllri
1007 3065 1105 3117 autem
1125 3069 1141 3118 2

89 3148 195 3209 dentes
218 3157 337 3227 oportet
360 3167 411 3209 ore
436 3148 576 3227 adaperto
599 3146 703 3208 alterci
726 3147 838 3206 semine
858 3143 1036 3206 carbonibus
1056 3145 1107 3205 ad-

88 3239 187 3317 posito
211 3246 300 3316 atque
324 3237 450 3298 subinde
470 3255 503 3298 os
522 3235 653 3297 colluere
673 3253 749 3316 aqua
768 3233 871 3317 calida,
894 3235 925 3293 in
945 3251 1001 3312 qua
1022 3233 1106 3294 radix

162 3443 323 3498 draeedas.
394 3443 472 3500 auti
489 3461 539 3500 om.
598 3443 909 3499 tmedicemeniorum.
993 3447 1027 3496 21
1048 3438 1106 3496 sni-

88 3512 207 3570 fusione.
280 3520 314 3570 27
333 3515 443 3587 tepens]
463 3519 591 3586 ptepens.
