2438 3802
517 183 555 194 -
605 145 759 212 300-

129 312 209 392 ritia‚
233 329 308 390 quae
332 331 367 372 ex
391 311 502 389 frigore
521 317 572 371 aut
590 308 691 370 labore
711 317 761 371 aut
779 309 925 388 indigerie
944 318 1045 392 erunt,
1064 313 1149 373 miri·

76 412 109 462 67
130 400 185 460 1166
205 400 330 461 sanabis.
361 399 480 460 Latium
498 399 660 459 humanum
680 405 766 459 vetus
780 398 894 458 adiecto
909 398 1031 476 paululo
1046 418 1149 485 croco,

129 489 209 568 quod
233 489 354 550 odorem
378 489 443 548 eius
467 487 614 567 emendet,
636 488 787 565 ignoranti
808 489 894 565 potui
916 486 1018 548 datum
1043 508 1149 569 quam·

129 580 172 638 vis
200 586 316 638 veteres
348 585 378 636 et
409 575 536 635 latentes
563 577 733 636 interanecs
760 574 881 636 morbos
914 584 945 637 et
970 580 1088 641 vomitu
1118 588 1150 641 et

129 666 346 727 deiectionibus
370 665 526 724 concitatis
549 666 755 741 potentissime
779 663 903 725 sanabit.
1162 683 1175 725 a

77 765 112 814 66
220 751 436 813 Laborantibus
460 759 604 832 tenesmo,
627 752 657 812 id
681 759 728 812 est
751 755 803 832 qui
825 753 862 812 de
881 752 1079 831 perfrictione
1099 755 1150 816 ad·

130 840 214 900 sidua
242 841 348 901 sedere
376 842 501 920 cupiunt
530 848 560 900 et
585 840 660 900 nibil
682 841 829 921 deiciunt,
856 841 902 902 lac
924 840 1073 904 bubulum
1099 844 1151 905 de·

76 940 110 989 69
130 936 248 988 coctum
264 929 436 1007 frequenter
450 935 552 1007 potum
567 931 693 989 maxime
707 929 839 1007 prodest.
869 928 963 990 Holus
977 930 1151 995 discoctum

129 1035 198 1077 cum
226 1018 286 1077 sale
313 1016 475 1097 plurimum
504 1025 655 1096 sumptum
678 1017 837 1078 adversum
859 1026 1028 1079 tenesmum
1052 1023 1151 1104 iuvat;

130 1115 228 1166 ostrea
256 1123 376 1186 quoque
407 1124 443 1166 ex
475 1105 571 1166 mulso
606 1113 636 1166 et
667 1108 770 1185 pipere
802 1114 887 1166 cocta
918 1106 1035 1168 utiliter
1068 1113 1148 1172 acci·
1163 1129 1187 1168 ro

76 1191 114 1254 60'
130 1197 263 1273 piuntur.
299 1193 383 1255 Potio
403 1212 524 1273 asperso
543 1194 671 1274 plurimo
690 1197 794 1272 pipere
814 1194 870 1255 sub
890 1204 1008 1256 noctem
1028 1197 1151 1261 calidis·

130 1285 204 1344 sime
225 1291 342 1362 sumpta
361 1302 477 1344 sommo
492 1283 624 1344 remedio
639 1282 797 1343 adversum
813 1289 978 1344 tenesmum
993 1303 1063 1346 esse
1078 1306 1151 1349 con·

76 1383 110 1432 61
131 1374 236 1432 suevit.
269 1372 416 1432 Senectus
439 1373 544 1448 anguis
568 1389 636 1432 cum
654 1371 720 1432 oleo
739 1389 863 1432 rosaceo
882 1372 1005 1434 decocta
1024 1376 1058 1435 in
1077 1395 1151 1437 raso

129 1469 251 1540 stagneo
275 1467 364 1539 atque
387 1459 470 1519 inlita
493 1462 604 1538 ventri,
627 1462 653 1520 si
675 1467 774 1520 tamen
798 1459 858 1520 illic
882 1479 942 1520 non
965 1463 1005 1522 sit
1028 1465 1151 1526 exulce-

129 1551 214 1630 ratio,
237 1557 370 1609 tenesmo
394 1547 526 1607 remedio
550 1555 605 1607 est.
1164 1568 1189 1609 ra

75 1648 110 1698 62
218 1636 268 1697 166
291 1638 418 1716 piscium
440 1637 622 1694 marinorum
645 1637 676 1695 in
695 1638 795 1714 patina
814 1655 882 1697 cum
901 1636 1026 1698 lactucis
1046 1649 1149 1703 cocto·

76 1737 110 1787 63
129 1743 198 1786 rum
221 1725 335 1786 utiliter
359 1724 516 1784 adversum
539 1731 707 1784 tenesmum
730 1724 878 1785 sorbetur.
922 1726 1006 1805 Aqua
1029 1733 1150 1792 marina

130 1832 165 1874 ex
190 1813 247 1874 alto
271 1813 408 1874 hauritur
432 1820 462 1873 et
485 1820 620 1872 servatur
643 1814 674 1872 in
697 1820 875 1874 vetustatem
900 1832 934 1875 ac
952 1823 1058 1893 postea
1078 1837 1150 1881 cum

19 1893 24 1901 ’
130 1904 198 1962 vino
227 1910 346 1963 austero
374 1900 502 1983 bibitur3
530 1900 637 1961 deinde
665 1901 761 1962 raiani
790 1903 1020 1983 manducantur,
1049 1916 1083 1968 ut
1108 1911 1150 1969 sit

77 1993 259 2052 6466161166
282 1991 406 2071 facilior,
429 1993 481 2070 qui
504 1991 631 2051 tenesmi
650 2008 754 2050 causas
773 1990 912 2052 effundat.
946 1990 1065 2054 Herbae
1085 2005 1149 2058 vet·
1163 2011 1188 2051 aa

130 2081 245 2140 tonicae
274 2080 343 2140 folia
371 2082 402 2140 in
430 2079 536 2140 umbra
564 2078 692 2139 arelacta
720 2087 750 2139 et
777 2086 866 2138 tunsa
893 2078 1084 2160 cribrataque
1110 2086 1150 2147 ad

131 2167 295 2246 scripulum
329 2185 423 2228 unum
455 2187 491 2228 ex
524 2185 616 2246 aquae
649 2166 759 2228 calidae
789 2167 903 2246 cyathis
931 2169 1048 2230 duobus
1076 2181 1149 2252 pota

131 2259 242 2335 optime
265 2263 393 2334 prosunt
415 2255 528 2334 absque
551 2255 611 2334 his,
639 2254 749 2333 quibus
772 2273 809 2315 ex
833 2256 979 2318 cruditate
1002 2259 1150 2323 intestina

77 2353 111 2402 66
131 2351 318 2421 torquentur.
347 2342 454 2422 Herba,
475 2361 550 2420 quae
564 2361 767 2420 pycnocomon
782 2344 901 2426 dicitur,
920 2348 990 2405 trita
1005 2365 1041 2406 ex
1056 2367 1148 2427 passo

129 2428 175 2489 vel
202 2429 299 2488 mulso
328 2428 374 2489 vel
402 2448 529 2489 caroeno
558 2437 644 2507 epota
672 2433 883 2493 intestinorum
914 2434 1045 2495 dolorem
1077 2457 1147 2517 pro·
1162 2453 1188 2496 aa

76 2529 110 2578 66
131 2518 211 2577 tinus
231 2517 322 2577 sedat.
354 2516 460 2576 Scillae
479 2516 561 2576 albae
584 2549 620 2559 -
642 2517 655 2577 1
677 2526 707 2578 61
724 2536 841 2598 myrrae
861 2524 1008 2584 victoriati
1026 2526 1148 2604 pondus

129 2604 253 2664 adiectis
277 2604 368 2665 aridis
391 2605 455 2665 ficis
479 2604 596 2665 duobus
619 2607 650 2665 in
670 2625 761 2668 unum
782 2608 902 2687 subigas
921 2618 951 2671 et
969 2613 1090 2675 ieiunus
1110 2633 1147 2677 ex

76 2704 110 2754 ot
129 2694 197 2753 vino
212 2711 295 2754 mero
310 2711 423 2756 sumes:
440 2696 578 2773 protinus
593 2697 705 2756 ventris
720 2695 822 2757 dolore
837 2698 1025 2761 relevaberis.
1053 2702 1148 2764 Lauri

129 2784 227 2844 teneri
249 2783 318 2844 folia
341 2791 428 2844 tunsa
452 2791 482 2844 et
505 2785 536 2844 in
560 2791 680 2845 austero
703 2787 771 2846 vino
797 2788 868 2846 trita
891 2788 1026 2850 convulsi
1048 2792 1147 2853 utilis-

76 2882 110 2933 68
130 2873 203 2932 sime
223 2880 335 2952 potant.
368 2872 491 2934 Stercus
511 2875 662 2934 verrinum
679 2892 734 2953 per
748 2893 780 2935 se
796 2874 952 2936 collectum
967 2878 1146 2942 arefactum·
1161 2896 1188 2937 eo

130 2979 188 3042 que
216 2969 246 3022 et
274 2981 342 3023 cum
370 2964 437 3022 rino
466 2964 551 3041 potui
579 2962 679 3024 datum
703 2963 908 3024 efficacissime
932 2966 1092 3029 convulsos
1117 2979 1148 3031 et

128 3059 262 3112 reumata
285 3059 377 3112 sanat.

218 3222 376 3289 2paulolo.
454 3221 641 3276 1216666616.
719 3220 886 3275 1866161116.
959 3229 994 3277 24
1012 3241 1146 3297 pyamon,

128 3293 245 3346 correct.
292 3296 326 3344 26
346 3289 449 3345 carino.
496 3297 529 3344 26
550 3290 663 3362 Scillae]
686 3291 770 3346 Totus
787 3293 831 3346 bic
846 3293 920 3348 locas
938 3311 956 3348 a
975 3300 1039 3360 §66
1059 3314 1146 3367 usqae

129 3363 166 3417 od
183 3378 243 3430 cap.
259 3361 389 3416 XXVIIII
406 3367 421 3426 ξ
436 3367 451 3415 6
471 3363 587 3430 exceptis
604 3363 693 3416 corbis
711 3363 748 3416 ad
766 3361 822 3416 coli
840 3361 1013 3419 inflationem
1029 3397 1063 3407 -
1079 3385 1145 3437 cya.

128 3432 184 3486 this
199 3434 340 3500 quattuor,
354 3448 424 3502 quac
436 3434 601 3497 6666161664
615 3434 732 3488 6166661666
746 3434 872 3503 capitoli,
887 3437 963 3504 apud
974 3434 1145 3497 Gereonium

125 3502 305 3557 desideratur.
378 3502 489 3558 mirrea.
561 3508 596 3556 66
615 3504 756 3573 potantur.
830 3510 863 3558 32
882 3507 1032 3565 ebremata
