2438 3802
529 137 747 200 „20-

276 333 470 395 Cornelius
493 333 617 395 Celsus
641 333 762 394 Pullio
786 334 903 395 Natali
928 353 950 394 s.
975 335 1001 395 d.

101 485 115 533 1
224 475 323 536 Lectis
357 474 474 536 duobus
505 474 589 535 libris
626 477 864 554 conpositionum
899 476 1036 550 Graecis,
1069 477 1147 538 Pulli

132 565 252 645 Natalis,
277 582 352 643 quos
377 566 484 624 misisti
507 563 588 643 mihi,
612 566 699 624 utin
722 562 861 625 latinum
885 583 1052 625 sermonem
1078 585 1146 626 con·

132 663 289 734 verterem,
313 652 440 712 libenter
463 655 550 731 parui
573 661 641 712 tuae
665 646 818 733 voluntati,
843 654 948 733 dignos
972 672 1022 714 eos
1047 657 1146 715 eristi-

133 761 231 817 mans,
261 741 369 820 quibus
392 759 514 820 operam
537 741 743 822 inpenderem,
774 743 912 820 quoniam
936 743 1039 821 plenos
1068 744 1146 804 utili·

133 832 203 892 tatis
224 831 360 910 conperi3
383 828 514 907 alioquin
537 847 726 891 excusassem
748 849 804 911 me,
828 833 1012 909 propositum
1032 831 1172 892 habenss

133 917 208 980 nihil
231 936 290 978 non
314 917 436 997 dignum
461 917 581 979 sublimi
604 917 804 979 Romanorum
828 922 981 980 maiestate
1008 921 1044 980 de
1068 921 1145 981 bono

133 1007 296 1068 medicinae
325 1009 397 1066 artis
426 1006 664 1086 splendidissime
693 1006 825 1068 scribere
853 1008 942 1087 idque
966 1012 1147 1087 perennitati

134 1104 164 1157 et
187 1095 294 1157 litteris
317 1095 464 1156 mandare.
506 1095 633 1156 Habebit
659 1114 729 1175 ergo
758 1104 788 1156 et
810 1115 952 1175 praesens
975 1105 1092 1176 tempus
1117 1106 1146 1158 et

134 1186 233 1246 lutura
261 1185 421 1263 posteritas
449 1187 480 1244 in
509 1185 566 1244 hoc
593 1192 755 1263 perpetuae
789 1185 949 1246 voluntatis
981 1205 1063 1247 meae
1095 1206 1144 1248 cu-

134 1293 244 1353 raeque
264 1275 465 1351 gratissimum
484 1291 602 1353 munus,
624 1273 771 1352 siquidem
789 1273 866 1334 bona
886 1274 1053 1335 valetudine
1072 1275 1187 1336 nihil1o

100 1371 181 1424 aest
204 1361 345 1442 pulcrius.
387 1361 461 1423 Dedi
484 1369 583 1423 autem
607 1380 728 1441 operam
756 1371 895 1441 quantam
923 1365 1021 1443 potui,
1049 1372 1083 1425 ut
1110 1365 1147 1425 ad

134 1451 259 1513 verbum
286 1451 494 1532 transferrem,
523 1469 598 1530 quae
625 1453 657 1510 in
681 1451 801 1511 Graecis
829 1452 1053 1513 medicinalibus
1081 1472 1147 1532 rep·

134 1543 213 1621 peri,
237 1559 292 1600 neo
316 1541 516 1600 necessariam
539 1557 642 1599 curam
667 1540 766 1600 cultus
784 1542 927 1600 orationis
945 1544 1055 1622 putavi,
1079 1545 1148 1620 quia

135 1631 248 1690 rectius
276 1628 347 1688 duxi
375 1629 573 1706 proprietates
603 1630 756 1688 nominum
785 1629 874 1689 edere
902 1637 932 1690 et
959 1648 1024 1690 rem
1047 1649 1148 1690 veram
1184 1705 1187 1711 .

136 1717 191 1778 sub
223 1715 384 1777 herbarum
417 1717 642 1794 peregrinarum
669 1717 820 1777 vocabulis
850 1717 1007 1797 explicare.
1049 1719 1188 1780 nnuma

136 1825 229 1884 genus
253 1805 347 1865 fateor
370 1822 418 1864 me
441 1803 644 1865 translationis
668 1804 704 1864 de
725 1806 871 1866 industria
891 1806 1064 1888 declinasse,
1088 1826 1147 1886 qno

135 1895 197 1954 lere
222 1892 328 1954 Graeci
350 1900 477 1953 utuntur
499 1894 530 1952 in
554 1893 839 1955 medicamentorum
859 1897 1025 1976 scripturis,
1049 1899 1148 1956 omnia

136 1983 172 2044 ad
196 1982 357 2044 secundam
380 2000 537 2060 personam
561 1982 744 2061 derigentes:
768 2002 821 2062 ego
843 2002 913 2044 vero
931 1986 963 2044 in
981 2003 1069 2045 usum
1088 2003 1147 2045 rne-

136 2073 381 2151 dicamentorum,
400 2089 475 2149 qnae
497 2071 585 2152 edidi,
605 2073 712 2132 ominis
731 2071 802 2132 boni
820 2074 913 2150 gratia
932 2072 1042 2132 nullam
1058 2073 1148 2132 malui

136 2180 224 2241 quam
252 2161 396 2221 infinitam
425 2162 558 2220 inserere
590 2178 761 2240 personam,
793 2160 1056 2240 admoneremque,
1089 2163 1188 2220 nisiae

137 2258 253 2311 certum
276 2248 417 2309 haberem
441 2256 470 2307 te
491 2265 552 2307 non
570 2251 716 2328 ignorare,
739 2267 786 2309 me
805 2248 977 2310 huiusmodi
995 2248 1071 2309 bona
1091 2252 1146 2309 uti-

101 2338 230 2398 alitatis
257 2338 351 2415 magis
379 2353 467 2414 quam
496 2336 701 2396 delectationis
724 2345 813 2398 causa
838 2340 1002 2417 scripsisse.
1044 2338 1150 2398 Graeci

136 2425 243 2486 medici
258 2424 390 2503 pondera
405 2423 688 2486 medicamentorum
703 2426 738 2486 ad
754 2426 890 2505 dragmas
905 2427 1057 2508 redigunt3
1074 2445 1148 2506 quae

138 2516 206 2593 quia
230 2512 265 2573 ad
290 2512 444 2572 denarium
473 2520 610 2574 nostrum
633 2517 822 2597 conveniunt,
846 2517 994 2595 octoginta
1018 2518 1149 2576 enimet

138 2609 278 2681 quattuor
301 2603 332 2661 in
356 2600 461 2660 libram
484 2602 652 2684 incurrunt,
675 2621 730 2682 pro
754 2611 824 2664 nota
847 2602 975 2664 Graecae
999 2602 1146 2683 dragmae,
1162 2617 1187 2657 25

138 2709 214 2770 quae
230 2698 276 2751 est
291 2690 384 2767 figura
399 2688 466 2749 talis
481 2687 532 2771 <,
552 2699 651 2752 uotam
666 2692 781 2753 denarii
794 2692 936 2770 Latinam,
958 2709 1045 2770 quam
1060 2694 1148 2771 nosti,

137 2781 233 2861 posui,
256 2779 285 2839 id
310 2786 356 2838 est
378 2777 455 2839 hanc
479 2777 513 2860 ll,
537 2787 566 2840 et
589 2780 625 2840 ad
649 2783 714 2842 eius
733 2781 848 2860 pondus
868 2779 993 2840 Graecas
1013 2779 1148 2858 dragmas

138 2868 264 2948 rediges.
299 2866 494 2946 aequoniam
515 2888 590 2948 quae
610 2869 688 2931 volui
707 2870 857 2950 praelatus
876 2887 951 2952 sum,
974 2887 1054 2930 nunc
1074 2887 1148 2948 quae

139 2958 290 3019 desideras
314 2956 474 3036 explicabo.

210 3152 227 3201 4
246 3145 391 3216 quoniam]
411 3145 467 3213 iffi:
487 3163 557 3215 quos
577 3145 735 3202 Cerberion
827 3149 843 3198 5
861 3143 892 3198 ni
911 3162 955 3199 me
973 3144 1151 3215 propositum

138 3217 426 3273 haberetGornarc'ca.
475 3222 507 3270 10
522 3217 741 3272 valetudinem
756 3213 973 3272 valitudinem
1015 3223 1046 3269 11
1064 3233 1150 3284 quan-

139 3293 200 3344 tum
220 3287 379 3344 Carnarius.
436 3293 470 3342 18
484 3287 641 3357 derigentes
661 3292 710 3342 1m
728 3285 880 3356 dirigentes
895 3292 947 3344 2m
1000 3291 1032 3340 19
1052 3286 1150 3340 omnis.

140 3360 247 3414 nullam
267 3376 317 3415 om.
372 3361 406 3410 23
426 3357 585 3428 draghmas.
645 3363 679 3413 25
698 3358 859 3427 draghmae.
923 3362 957 3412 26
976 3367 1001 3411 <
1024 3371 1085 3425 epo.-
1104 3356 1149 3410 ·Z·.

140 3435 175 3484 28
193 3429 338 3499 quoniam]
358 3426 414 3497 dm.
504 3435 538 3484 29
556 3428 633 3483 Finit
651 3430 773 3499 epistula
791 3428 872 3484 Celsi.
909 3425 1013 3496 Incipit
1031 3425 1151 3494 epistula

144 3498 300 3554 vindiciani
315 3499 426 3555 comitis
436 3499 639 3555 archiatrorum
653 3499 690 3556 ad
699 3499 930 3556 Valentinianum
943 3498 1149 3567 imperatorem.
