2438 3802
516 132 553 142 —
602 94 756 160 250-

132 257 220 318 simili
239 259 369 320 efficacia
388 261 491 338 prosit,
511 258 670 320 dnmmodo
689 257 873 318 medicamen
888 259 1013 336 septima
1029 257 1151 319 decima

132 346 200 407 lnna
224 359 430 428 campunarum
455 367 491 408 ex
514 366 549 407 eo
573 365 644 426 erga
667 347 736 406 lima
761 354 904 425 quantum
928 347 1018 406 unius
1037 364 1150 408 manus

129 455 229 516 pugno
253 437 340 516 pleno
364 439 498 516 potueris
521 435 787 514 comprehendere,
810 434 969 495 dummodo
993 436 1085 512 inpar
1110 438 1151 497 sit

130 544 274 586 numerus
288 525 456 605 pilularum,
475 527 506 584 in
525 526 701 584 mortarium
717 526 817 584 mittes
832 532 921 602 atque
936 523 1046 583 adicies
1062 525 1149 603 pipe-

130 616 172 674 ris
191 632 281 693 grana
297 612 375 673 XXV
394 613 618 692 diligentissime
633 616 711 692 trita,
731 620 802 673 tnnc
817 611 907 672 addes
922 611 1018 672 mellis
1038 615 1175 691 optimis

129 702 277 762 heminam
301 710 331 762 et
354 703 415 761 vini
437 703 589 762 veterrimi
612 703 716 780 optimi
739 698 770 762 S*
789 699 816 760 ll
844 709 873 760 et
887 701 1034 760 ‘contritis
1058 704 1149 778 prius

131 790 232 868 pilulis
256 791 394 850 universa
417 789 556 851 miscebis
581 798 610 850 et
633 808 760 869 repones
784 792 813 849 in
838 788 957 849 vasculo
981 790 1089 869 vitreo,
1115 799 1149 851 ut

133 896 201 937 cum
230 878 320 938 luerit
348 896 422 956 opus
450 888 586 958 paratum
609 878 718 939 habeas
741 878 988 938 medicamentum
1013 877 1049 938 ad
1075 879 1148 939 sub·

130 966 321 1048 veniendum;
349 967 401 1028 sed
430 977 463 1029 ut
491 970 584 1029 maior
611 969 651 1028 sit
674 967 877 1027 medicaminis
900 966 1043 1045 ellicacia,
1073 966 1147 1028 luna

131 1057 255 1134 septima
279 1056 392 1117 decima
415 1056 487 1118 illud
509 1058 606 1118 lacere
626 1055 749 1116 debebis
768 1064 798 1115 et
817 1073 885 1115 cnm
905 1055 1028 1115 daturus
1048 1054 1147 1116 lneris
1163 1071 1188 1112 ιο

130 1144 304 1226 remedium,
328 1165 344 1205 a
365 1145 412 1206 die
432 1145 507 1206 loris
527 1148 624 1224 incipe
644 1153 675 1204 et
693 1161 747 1222 per
766 1143 829 1203 dies
849 1151 963 1222 septem
983 1145 1146 1206 continuos

130 1232 206 1313 dato,
230 1235 269 1293 ita
294 1242 326 1294 ut
351 1236 403 1313 qui
426 1234 633 1295 remediandus
658 1241 704 1294 est
727 1241 807 1292 stans
829 1234 860 1292 in
884 1231 1012 1292 scabello
1037 1241 1147 1294 contra

130 1280 275 1381 oriebtem
300 1321 388 1382 bibat
431 1323 511 1393 Quae
535 1324 624 1426 potio,
648 1323 675 1381 si
697 1322 746 1400 ita,
770 1328 804 1381 ut
827 1323 972 1399 scriptum
996 1329 1051 1402 est,
1074 1321 1146 1383 data

130 1416 160 1469 et
182 1409 336 1471 observata
360 1411 459 1488 inierit,
482 1413 569 1470 etiam
594 1413 618 1470 si
642 1409 780 1470 omnibus
804 1409 937 1470 articulis
957 1417 987 1469 et
1005 1427 1078 1470 coxa
1099 1413 1146 1472 in-

129 1497 232 1558 firmus
247 1507 477 1577 contractusque
492 1498 582 1559 luerit
596 1509 626 1558 et
639 1497 789 1558 inmobilis
804 1516 837 1558 ac
852 1473 1051 1576 desperatus
1043 1513 1186 1560 raone-15

128 1587 177 1666 rit,
200 1605 323 1646 neccsse
347 1597 401 1666 est,
425 1595 459 1647 ut
481 1589 606 1666 septima
630 1587 677 1647 die
701 1586 839 1647 ambulet.

76 1680 109 1730 22
218 1674 345 1736 Sciaticc
364 1675 528 1736 remedium
544 1675 783 1736 efficacissimum
798 1677 854 1736 sic:
873 1674 1007 1736 Castorei
1021 1693 1143 1737 semun-

129 1763 212 1844 ciam,
236 1763 378 1844 pyrethri,
403 1765 482 1845 nitri,
506 1763 631 1844 euforbi,
655 1764 776 1824 adarces
800 1765 903 1824 uncias
923 1763 1062 1843 singulas,
1081 1765 1144 1825 clei

130 1854 246 1930 cyprini
264 1851 382 1935 libram3
406 1872 481 1933 quae
500 1853 650 1914 tundenda
670 1862 759 1913 erunt
777 1854 886 1912 siccata
905 1851 1013 1912 tnndcs
1033 1860 1063 1911 et
1082 1855 1143 1913 cri·

128 1938 228 2000 brabis
253 1950 282 2002 et
305 1944 349 2003 sic
372 1942 437 2003 cleo
461 1944 583 2022 cyprino
605 1941 745 2003 miscebis
769 1950 798 2002 et
822 1941 970 2019 deccqnes
993 1949 1082 2019 atque
1105 1960 1143 2002 cc
1158 1955 1184 1996 ao

128 2029 324 2092 medicamine
348 2034 391 2092 sic
414 2034 518 2112 uteris,
541 2040 575 2092 ut
598 2033 752 2092 sciaticum
776 2032 922 2090 iacentem
945 2028 1057 2089 insule
1077 2029 1145 2091 diu·

129 2119 243 2178 tissime
267 2121 412 2199 perfrices
434 2123 465 2180 in
489 2139 570 2200 coxa,
594 2138 682 2199 quam
706 2119 796 2196 dolet,
819 2118 926 2179 deinde
946 2117 982 2177 ad
1001 2117 1145 2180 balneum

130 2205 220 2267 ducas
244 2217 365 2268 etcum
389 2208 547 2287 sudaverit,
571 2208 737 2269 diutissime
762 2206 911 2285 conpellas
935 2208 1063 2267 intesta
1083 2207 1142 2268 cal-

128 2293 208 2354 daria
233 2298 417 2355 commorari.
481 2323 483 2330 2

74 2386 108 2436 23
217 2381 261 2440 Ad
289 2401 430 2442 coxarum
458 2390 488 2442 et
515 2382 684 2444 ltrrnbornm
713 2382 831 2444 doleres
858 2383 950 2444 herba
974 2382 1142 2463 chamaepi·
1157 2396 1183 2438 ²⁶

75 2475 106 2523 at
128 2475 173 2546 tys
197 2471 323 2529 coutrita
347 2489 383 2531 ex
407 2473 473 2530 vino
492 2472 576 2550 potui
595 2471 661 2532 data
682 2471 842 2550 plurimum
862 2473 992 2550 prodest.
1028 2470 1142 2534 Cucur-

127 2555 206 2616 bitae
230 2559 342 2618 semine
366 2561 494 2620 contrito
517 2561 549 2619 in
572 2559 699 2621 ficulneo
725 2559 845 2620 vasculo
873 2561 986 2621 adiecto
1015 2559 1081 2620 cleo
1110 2571 1142 2623 et

127 2652 211 2704 aceto
240 2663 329 2707 cunae
357 2656 387 2708 et
414 2647 508 2709 lumbi
534 2649 688 2726 periricati
715 2656 854 2728 potenter
882 2658 1033 2731 sanantur,
1060 2652 1141 2711 sicut

128 2736 329 2812 experimenta
353 2737 527 2798 docuerunt.

74 2826 108 2877 25
217 2823 345 2903 Scrpulli
364 2826 438 2888 aridi
455 2829 573 2888 contusi
592 2829 672 2889 etin
691 2827 843 2907 pulverem
862 2827 975 2887 redacti
990 2826 1140 2906 scripulos
1154 2839 1181 2881 cc

127 2917 189 2970 tres
209 2913 322 2974 adiecto
342 2915 457 2976 modico
479 2915 563 2977 melle
582 2919 729 2996 permisce
751 2925 781 2977 et
804 2935 840 2976 ex
863 2935 898 2976 cc
922 2923 983 2975 tres
1003 2914 1141 2994 globulos

127 3000 243 3079 aequali
261 3003 392 3080 pondere
412 3005 500 3066 lacitc
519 3013 608 3084 atque
628 3024 663 3066 er
678 3006 725 3065 his
740 3003 872 3082 singulos
887 3022 955 3064 cum
970 3003 1058 3064 mulsi
1072 3022 1140 3084 cya-

127 3088 186 3148 tbis
210 3091 364 3170 tepefactis
387 3093 465 3154 binis
484 3095 583 3154 ieiune
602 3112 656 3172 per
674 3093 808 3153 triduum
826 3092 904 3171 dato,
922 3091 1141 3153 incredibiliter

126 3175 296 3240 lumborum
315 3180 410 3241 dolori
429 3181 600 3261 medebere;
620 3181 699 3258 qnod
719 3183 746 3240 si
763 3179 813 3240 illo
830 3180 930 3241 triduo
945 3199 1004 3241 nun
1019 3182 1140 3260 penitus

127 3267 179 3343 qtri
198 3266 311 3328 laborat
326 3269 416 3330 luerit
431 3268 593 3349 absolutus,
612 3270 721 3329 iterum
735 3287 789 3348 per
804 3268 882 3329 alind
898 3269 1029 3330 triduum
1045 3268 1138 3332 dabis.
1154 3281 1181 3323 ³⁶

217 3459 249 3507 18
268 3454 395 3523 pirethri.
468 3455 546 3511 nicri.
619 3461 655 3511 80
674 3455 817 3528 scripolos.
892 3463 925 3512 31
945 3457 1081 3528 globolos.
