2438 3802
459 133 680 198 ..39-

63 299 226 362 sedandum
254 299 343 358 etiam
370 299 402 357 in
430 305 609 377 perpetuum
632 297 763 376 prodest.
810 296 871 358 Tus
895 305 925 358 et
949 309 1113 378 myrramn

63 397 93 450 et
116 406 203 449 ovum
223 386 312 448 simul
330 395 410 446 teres
430 395 460 447 et
478 386 570 446 fronti
588 386 713 447 induces
732 385 778 445 vel
796 385 990 466 temporibus,
1009 406 1078 447 cum

64 477 180 540 subitus
213 477 367 536 emicranii
399 474 483 535 dolor
515 475 613 535 fuerit.
662 474 753 536 Laser
782 474 977 554 Cyrenaicum
1009 488 1113 537 cuma

62 576 145 628 aceto
167 574 230 627 tere
251 573 281 625 et
299 563 390 624 inline
409 564 538 624 frontem
557 582 625 624 cum
644 563 838 642 temporibus.
875 562 1077 625 Emicranium
1097 577 1114 624 4

31 658 160 717 astatim
188 661 294 715 curant
321 671 437 713 vermes
466 655 579 713 terreni
607 655 672 732 pari
696 671 820 713 numero
844 655 964 713 sinistra
988 671 1079 713 manu

59 745 129 806 lecti
157 753 186 804 et
214 746 244 803 in
267 742 369 802 limine
392 759 461 802 cum
484 751 565 802 terra
589 741 625 802 de
649 741 750 802 limiae
774 741 878 803 eadem
901 760 990 802 manu
1014 744 1078 802 triti

60 842 91 894 et
118 851 186 894 cum
214 841 297 892 aceto
325 832 435 909 optimo
463 831 567 891 eadem
595 848 683 891 manu
707 831 800 892 fronti
822 831 868 892 vel
891 831 1078 910 temporibus

60 921 151 1002 inliti,
180 939 246 981 cum
270 919 354 980 dolor
378 919 504 997 urgebit.
541 918 659 981 Fimum
684 919 730 980 vel
752 922 885 981 cinerem
908 919 1076 981 coclearum
1097 933 1112 982 5

62 1018 92 1071 et
115 1027 238 1088 granum
260 1010 378 1087 senapis
402 1027 471 1069 cum
495 1016 578 1069 aceto
602 1009 638 1069 ad
663 1017 764 1070 ternos
783 1009 930 1088 scripulos
949 1011 1076 1070 miscere

18 1114 46 1154 ιο
61 1107 91 1160 et
113 1097 296 1176 temporibus
321 1096 440 1158 inlinire
464 1098 594 1177 prodest.
632 1097 730 1160 Herba
755 1106 887 1159 strumus
907 1107 937 1158 et
956 1108 1074 1160 stercus
1094 1113 1110 1161 6

60 1189 211 1249 murinum
234 1189 362 1247 contrita
381 1195 410 1247 et
429 1205 465 1247 ex
485 1195 568 1268 aceto
588 1187 678 1247 fronti
697 1187 779 1247 inlita
800 1187 937 1248 celeriter
957 1186 1074 1248 dolores

59 1279 147 1338 etiam
176 1277 355 1336 eterocranii
382 1275 508 1337 abolent.
556 1274 691 1336 Ossicula
719 1278 750 1336 in
778 1278 874 1354 capite
902 1278 987 1355 porci
1015 1276 1109 1337 duo't

60 1365 235 1426 naturaliter
254 1364 348 1424 forata
366 1365 569 1444 inveniuntur,
592 1364 622 1424 id
642 1373 688 1424 est
706 1383 800 1424 unum
819 1367 849 1424 in
869 1364 972 1425 dextra
991 1374 1075 1443 parte

60 1463 90 1515 et
112 1454 190 1514 aliud
215 1455 246 1512 in
270 1455 404 1514 sinistra:
428 1472 503 1532 quae
528 1460 645 1532 reperta
668 1460 698 1512 et
716 1455 846 1531 reposita
865 1461 895 1513 et
914 1472 982 1514 cum
1002 1472 1077 1532 opus

19 1556 46 1598 aa
60 1543 159 1622 luerit,
183 1542 252 1602 licio
276 1560 420 1621 suspensa
444 1541 597 1602 medellam
622 1543 720 1622 capiti,
744 1551 833 1621 prout
856 1543 975 1602 inventa
999 1554 1077 1622 sunt,

56 1640 228 1712 praestant,
260 1631 291 1690 id
326 1638 373 1691 est
402 1629 540 1691 dextrum
575 1630 714 1707 dexterae
747 1632 826 1709 parti
858 1638 888 1691 et
921 1633 1077 1691 sinistrum

58 1723 210 1800 sinistrae3
240 1719 292 1779 sed
322 1727 441 1798 praeter
467 1727 496 1780 te
526 1728 555 1780 et
583 1737 705 1798 aegrum
733 1718 861 1780 ossicula
885 1722 993 1780 tertius
1017 1738 1077 1780 non

58 1811 224 1889 contingat,
253 1826 328 1885 quae
352 1808 388 1867 ad
411 1807 487 1868 hanc
510 1811 719 1869 necessitatem
743 1808 842 1886 colligi
865 1807 1023 1887 diligenter
1047 1818 1077 1869 et

59 1899 172 1958 servari
191 1895 308 1957 debent.
340 1896 457 1976 Piperis
471 1914 561 1974 grana
576 1895 657 1976 Xlll,
676 1899 788 1957 murini
803 1898 864 1957 limi
878 1897 984 1976 pilulas
999 1897 1075 1978 xxi,
1097 1909 1113 1958 8

18 2000 46 2041 so
60 1988 171 2065 sinapis
206 1993 350 2064 quantum
383 1984 479 2044 tribus
513 1984 613 2062 digitis
646 1987 743 2063 possis
777 1983 894 2065 tollere,
932 1995 1012 2045 teres
1045 1994 1076 2046 et

58 2085 141 2136 aceto
170 2076 232 2134 aeri
257 2074 292 2134 ad
317 2076 411 2135 cerati
434 2072 555 2133 modum
578 2072 774 2151 permiscebis
798 2080 828 2132 et
850 2074 892 2132 ita
915 2073 1006 2133 tronti
1030 2076 1074 2133 in·

57 2182 151 2244 pones
180 2171 210 2223 et
238 2161 317 2223 aluta
346 2162 475 2240 desuper
499 2169 590 2240 teges.
627 2160 746 2221 Laseris
769 2178 893 2240 granum
917 2160 1112 2222 medicina-9

57 2253 136 2314 libus
164 2251 265 2329 digitis
294 2253 360 2311 auri
388 2253 466 2310 inice
495 2269 531 2311 ex
560 2269 594 2310 ea
621 2259 719 2329 parte,
752 2268 810 2329 qua
838 2258 928 2328 caput
956 2249 1076 2332 dolebit,

58 2344 157 2402 statim
181 2340 324 2419 proderit.
361 2339 477 2400 Herbae
501 2338 623 2400 meliloti
647 2341 790 2400 interiora
813 2347 843 2400 et
866 2341 914 2398 ovi
937 2341 1014 2400 cocti
1033 2343 1075 2403 vi·
1096 2352 1129 2401 10

15 2440 44 2484 2⁶
58 2429 161 2491 tellum
180 2448 247 2490 cum
267 2430 335 2488 vino
356 2428 472 2489 modico
491 2436 555 2489 tere
575 2429 732 2507 diligenter
752 2436 782 2490 et
796 2429 864 2489 inde
880 2431 1074 2492 emicranium

57 2518 103 2578 vel
122 2527 255 2596 tempora
276 2536 351 2596 quae
370 2517 513 2578 dolebunt
532 2517 633 2598 inline,
652 2519 810 2579 confestim
829 2517 955 2579 sanabis.
990 2518 1073 2580 Pam·
1094 2531 1125 2578 11

57 2609 161 2686 pinum
191 2609 331 2667 continuo
362 2606 399 2666 de
426 2608 485 2667 vite
514 2605 624 2667 lectum
653 2626 722 2668 oum
750 2607 814 2668 oleo
844 2625 954 2687 coques
983 2617 1072 2687 atque

57 2695 146 2757 simul
175 2697 254 2756 tritis
287 2694 445 2773 diligenter
476 2702 609 2774 tempora
643 2695 759 2757 inlines.
805 2695 847 2755 lle
879 2698 974 2758 muris
1003 2697 1071 2756 timo
1092 2707 1125 2755 12

56 2783 163 2863 pilulas
191 2791 305 2862 septem
333 2792 413 2844 teres
442 2791 472 2844 et
499 2802 566 2844 cum
596 2792 679 2844 aceto
703 2785 795 2844 fronti
818 2783 864 2843 rel
887 2784 1072 2863 temporibus

16 2872 227 2933 redolentibus
250 2872 366 2933 inlines.
409 2871 441 2931 Si
464 2873 509 2929 vir
532 2880 583 2930 aut
606 2870 780 2932 adulescens
805 2879 855 2931 aut
879 2873 976 2931 iulans
1000 2875 1070 2933 emi·
1094 2884 1126 2932 13

57 2964 191 3022 cranium
219 2963 362 3040 patietur,
395 2958 548 3036 observet,
576 2965 610 3017 ut
638 2975 756 3034 semper
788 2958 858 3017 luna
887 2960 1012 3036 septima
1045 2967 1075 3019 et
1186 2958 1189 2963 ’

57 3052 182 3129 septima
211 3050 325 3111 decima
354 3055 383 3109 et
411 3047 571 3107 vicensima
599 3046 724 3122 septima
748 3063 779 3104 se
803 3043 938 3104 tondeat:
967 3048 1076 3106 mirum

129 3226 144 3275 5
165 3223 245 3275 curat
263 3225 278 3274 1
285 3237 312 3275 m
331 3219 430 3273 curant
447 3222 505 3274 2m.
598 3223 613 3270 6
633 3214 663 3270 in
681 3215 779 3270 limite.
860 3220 876 3269 9
896 3213 1008 3285 senapis
1028 3220 1076 3270 lm

58 3291 163 3362 sinapis
192 3295 252 3346 2m.
379 3296 412 3344 12
440 3288 618 3358 eberogranii.
741 3292 772 3340 13
801 3284 928 3341 dextram
955 3287 1074 3357 parbem.

62 3367 94 3417 15
109 3379 251 3432 sospensa.
307 3366 340 3416 17
356 3361 479 3415 sinestra.
538 3366 569 3414 19
585 3375 703 3414 servare.
757 3364 791 3412 20
806 3359 918 3426 quanto.
978 3373 1075 3427 posses

57 3432 135 3488 tolle.
181 3439 215 3487 21
231 3432 280 3502 ad]
296 3450 319 3485 a.
366 3437 399 3486 23
415 3435 444 3487 eb
458 3447 499 3486 ex.
546 3430 670 3486 2511111.
717 3435 750 3486 27
766 3446 898 3499 quoques.
945 3435 979 3485 28
998 3429 1074 3485 trito.

58 3510 93 3558 30
111 3504 191 3560 lines.
265 3503 442 3572 migranium.
514 3507 547 3556 31
567 3504 597 3557 et
615 3501 738 3572 septima
755 3518 805 3558 om.
876 3506 912 3557 32
928 3502 1090 3557 bundenum
