2438 3802
448 152 690 218 allb—

60 316 178 395 itidem3
201 315 333 379 omnium
358 315 526 392 specierum
549 333 636 393 pares
659 333 815 375 mensuras
835 324 898 376 tere
917 317 1074 396 diligenter

61 413 91 466 et
114 406 145 463 in
167 402 321 482 pulverem
344 404 553 463 tenuissimum
576 405 677 482 redige
706 410 794 483 atque
823 423 858 464 ex
882 407 950 465 vino
973 413 1073 466 vetere

61 492 165 571 collige
192 491 280 570 paulo
309 493 453 572 crassius,
482 509 570 569 quam
594 492 757 571 spissitudo
781 494 820 553 sit
843 492 952 574 mellis;
978 512 1015 553 ex
1038 512 1073 552 33
1172 562 1174 567 ,

59 581 276 642 medicamento
308 580 344 639 ad
377 597 546 640 mensuram
579 583 741 661 victoriati,
777 581 807 641 id
841 589 886 642 est
918 582 1074 642 dimidium

32 670 231 749 sdracbmae,
259 667 343 728 dabis
370 677 491 747 ruptum
516 676 546 728 et
568 670 719 730 infirmum
745 670 929 731 stomachum
952 670 1074 730 habenti

59 761 91 819 in
109 757 206 819 tribus
230 756 342 836 cyathis
362 775 454 836 aquae
474 756 585 818 calidae
605 761 686 819 eunti
703 759 877 840 dormitum3
896 759 1074 820 beneficium

60 847 186 909 remedii
213 847 307 924 prima
335 848 435 906 statim
463 849 584 925 potione
615 849 756 927 sentitur,
789 848 919 909 secunda
946 849 1073 909 incredi-

60 935 129 996 bilis
152 934 304 1014 proiectus
327 941 386 1014 est,
413 936 502 994 tertia
530 938 644 996 curatio
673 937 770 997 omnis
793 939 999 1015 potentissime
1024 956 1072 997 ex-

60 1025 196 1103 plicatur.
232 1021 326 1083 Ovum
344 1025 495 1083 incoctum
515 1025 546 1083 in
565 1023 656 1085 calice
676 1025 850 1085 defunditur
869 1034 899 1085 et
912 1033 988 1086 testa
1008 1029 1072 1086 eius
1091 1037 1125 1086 33

18 1131 46 1169 10
60 1131 133 1174 suco
162 1110 307 1172 marrubii
336 1111 477 1190 impletur
508 1119 538 1173 31
564 1114 596 1172 13
625 1115 690 1192 ipso
718 1113 809 1174 calice
838 1114 1012 1174 defunditur
1044 1123 1074 1174 31

61 1201 156 1262 mellis
184 1202 288 1280 optimi
321 1201 489 1280 despumati
520 1202 709 1282 tantundem3
742 1203 840 1262 omnia
871 1202 944 1262 baec
977 1204 1008 1262 in
1041 1220 1073 1262 se

59 1291 280 1369 permiscentur
307 1307 341 1349 33
369 1289 515 1368 tepefacta
543 1290 735 1370 hauriuntur3
763 1292 838 1349 miro
866 1290 953 1350 modo
981 1292 1073 1349 vomi-

60 1397 109 1439 cas
133 1384 277 1456 rumpunt
300 1386 330 1438 31
353 1377 389 1438 ad
414 1380 569 1439 sanitdtem
592 1377 774 1438 laborantem
799 1377 983 1438 stomachum
1007 1397 1073 1457 per-

60 1467 180 1528 ducunt.
226 1466 260 1526 ln
288 1485 342 1526 333
366 1465 469 1527 sorbili
492 1469 628 1528 cimicem
653 1485 745 1528 unum
768 1461 931 1528 contritum
954 1469 1073 1527 ieiunus
1092 1477 1127 1526 34

19 1571 47 1612 1⁵
61 1558 201 1634 ignorans
238 1557 290 1633 qui
322 1555 455 1635 sorbeat,
488 1555 605 1617 desinet
636 1574 771 1637 vomere,
807 1556 864 1617 hoc
901 1574 989 1635 saepe
1026 1574 1073 1616 ex·

59 1652 178 1723 pentum
202 1651 256 1704 est.

150 1731 320 1811 Conpositio
345 1733 547 1794 medicaminis
570 1733 606 1794 ad
630 1735 738 1794 arteria
760 1733 890 1794 sananda
913 1734 970 1793 sic:
993 1732 1075 1792 Costi
1092 1743 1126 1792 35

61 1813 160 1907 put,
175 1824 273 1898 spicae
288 1821 374 1881 nardi
389 1814 488 1907 2111,
502 1823 614 1900 piperis
629 1814 728 1907 plu,
743 1822 850 1882 radicis
864 1821 968 1899 lappae
982 1823 1069 1881 maio·

60 1911 113 1990 ris,
126 1909 156 1968 id
171 1917 217 1970 est
230 1909 340 1970 herbae
354 1928 553 1989 personaceae
563 1903 603 1996 ,β
614 1909 662 1971 111.
686 1909 764 1970 llaec
779 1911 877 1970 omnia
892 1909 979 1970 simul
993 1918 1073 1970 teres

19 1999 208 2058 3331131333
227 2000 259 2058 in
278 1997 383 2058 balneo
402 2017 439 2058 ex
457 2001 524 2058 vino
544 1998 669 2058 candido
687 1997 814 2058 bibenda
827 1999 965 2076 protinus
980 1998 1072 2059 dabis.

60 2085 176 2146 Herbae
204 2088 369 2147 vettonicae
397 2086 466 2147 13113
494 2087 622 2147 arefacta
646 2094 770 2146 contusa
793 2085 982 2164 cribrataque
1005 2105 1072 2165 pro·
1092 2097 1127 2148 33

61 2183 131 2236 sunt
150 2177 331 2256 suspiriosis,
350 2177 376 2236 si
394 2194 430 2236 ex
449 2193 484 2236 33
502 2175 625 2254 pulvere
644 2174 781 2236 cocliaria
800 2174 915 2254 singula
930 2193 966 2235 ex
980 2193 1073 2254 aquae

60 2263 172 2325 calidae
194 2264 307 2343 cyathis
331 2264 448 2325 duobus
471 2266 564 2325 ieiuni
587 2265 754 2325 interiectis
777 2263 891 2344 diebus,
915 2263 1072 2325 31333333-

59 2360 179 2434 nentur,
202 2352 340 2414 biberint.
373 2355 465 2434 dqua,
489 2371 564 2432 quae
587 2355 619 2414 in
642 2352 783 2414 arborum
801 2352 915 2414 lacunis
934 2355 1072 2433 carisque
1092 2363 1126 2413 33

18 2456 45 2498 33
60 2440 224 2503 corticibus
244 2444 407 2503 consistere
430 2444 594 2525 consuevit,
618 2444 782 2522 suspirioso
805 2444 891 2522 potui
911 2442 978 2503 data
997 2443 1072 2503 cele·

59 2533 134 2592 riter
158 2548 227 2591 eum
250 2530 366 2591 sanabit
388 2538 477 2611 atque
501 2533 582 2592 omni
604 2531 738 2610 periculo
764 2531 915 2612 liberabit,
943 2534 969 2592 si
997 2532 1072 2592 adsi-

60 2618 118 2680 due
141 2618 189 2678 331
211 2621 275 2697 ipsa
298 2638 373 2699 pura
397 2620 490 2681 calida
513 2621 560 2681 331
582 2622 674 2682 mixta
697 2629 825 2701 potetur.

150 2706 237 2767 Sitim
261 2708 423 2787 quamlibet
445 2709 598 2770 molestam
621 2711 781 2789 reprimes,
812 2711 839 2768 si
866 2726 972 2788 aquam
1000 2711 1072 2787 tepi·
1092 2720 1127 2770 33

61 2796 128 2856 dam
156 2815 224 2856 cum
253 2796 317 2857 3133
345 2799 522 2875 permixtam
550 2796 662 2856 biberis
691 2805 721 2857 31
750 2799 892 2857 continuo
915 2800 1074 2876 vomueris,

19 2898 46 2940 oo
60 2883 220 2963 denuoque
239 2887 266 2945 si
284 2903 406 2945 necesse
426 2884 517 2944 luerit
534 2884 563 2943 id
579 2883 679 2964 iacies,
698 2902 756 2962 quo
771 2884 849 2943 lacto
864 2885 929 2943 sitis
947 2885 1073 2943 maxima

61 2977 257 3035 consenescit.
303 2972 464 3033 Gallinacei
490 2973 538 3032 331
564 2970 697 3031 vitellum
728 2973 921 3031 semicoctum
948 2970 1072 3048 oleoque
1092 2982 1127 3030 33

60 3063 242 3141 permixtum
262 3064 288 3122 si
306 3063 374 3141 quis
392 3060 520 3140 sorbeat,
539 3060 623 3121 sitire
638 3059 763 3119 desinet.
792 3057 932 3137 Lapidem
947 3057 983 3117 de
998 3076 1072 3135 aqua
1091 3071 1127 3120 43

61 3151 182 3212 fontana
205 3150 354 3213 sublatum
378 3152 477 3212 statim
501 3149 556 3211 sub
580 3148 680 3228 lingua
703 3165 780 3227 pone
804 3154 834 3207 et
854 3145 914 3206 illic
933 3145 1072 3224 aliquam-

61 3239 113 3301 diu
131 3249 210 3320 tene,
230 3241 313 3301 sitire
333 3240 459 3301 desines.
490 3238 697 3319 Glycyrrhizae
712 3236 866 3298 surculum
879 3253 1002 3315 parvum
1017 3235 1072 3296 snb
1091 3247 1126 3296 41

152 3452 185 3500 10
204 3445 267 3516 ipso
288 3444 405 3501 calicem
423 3447 490 3517 (313).
544 3451 577 3500 11
596 3445 728 3501 artemam
743 3443 896 3501 sanandam
913 3443 1080 3499 0333133133,

61 3523 97 3574 3ο
116 3517 238 3573 condito.
312 3522 346 3572 29
365 3517 496 3577 vomeris.
568 3523 603 3573 34
622 3515 790 3590 glycerium.
