2438 3802
495 152 734 218 -246-

105 318 189 398 calet,
209 335 294 379 cerae
312 316 450 377 Ponticae
469 317 499 375 in
521 316 631 376 frustra
650 316 785 377 redactae
801 317 831 377 P.
846 317 867 397 l,
887 318 944 378 olei
963 320 1033 379 irini
1052 320 1088 384 P.
1104 323 1127 400 Ι,

105 407 163 468 olei
183 408 298 487 cyprini
316 405 348 465 P.
362 405 384 485 l,
403 405 460 465 olei
480 405 586 464 laurini
606 404 636 464 P.
657 403 678 485 l,
698 399 756 465 olei
775 409 883 467 veteris
903 407 933 468 P.
949 407 983 487 ll,
1005 411 1126 487 piperis

106 496 165 556 albi
188 497 306 557 contusi
329 502 359 554 et
382 513 436 572 per
459 495 667 553 tenuissimum
694 493 826 555 cribrum
850 498 1019 556 transmissi
1038 497 1065 556 M
1087 499 1125 579 ll,

104 585 239 665 pyrethri
267 585 386 644 contusi
414 589 443 642 et
466 600 520 660 per
543 582 621 642 idem
646 582 779 643 cribrum
802 586 920 644 traiecti
938 584 964 643 ll
982 584 1003 647 l.
1038 585 1126 650 Haec

105 676 136 733 in
160 691 252 734 tinum
275 673 451 751 miscemur,
480 672 635 749 reponitur
659 671 907 733 medicamentum
931 691 999 733 vaso
1024 675 1153 738 fictilia

105 761 188 822 Facit
197 768 316 840 praeter
330 759 495 819 remedium
510 758 678 820 lumborum
694 768 724 820 et
736 761 771 821 ad
782 779 899 821 omnem
909 761 1042 822 dolorem
1053 783 1124 826 cor-

105 852 186 928 poris
207 856 236 908 et
255 866 423 929 nervorum,
443 847 598 908 muliebria
619 866 737 927 quoque
755 849 818 911 loca
833 850 991 911 durissima
1010 852 1124 935 mollit;

105 955 174 998 cum
193 937 244 997 diu
259 937 324 996 aliis
339 937 562 998 medicamentis
577 937 651 997 nihil
664 938 831 1015 profectum
847 946 900 1019 est,
915 939 971 999 hoc
986 941 1123 1016 prodest.

69 1037 85 1086 3
194 1025 348 1107 Malagma,
376 1026 454 1105 quod
482 1029 602 1105 proprie
626 1027 696 1086 lacit
719 1028 754 1087 ad
778 1027 946 1088 lumborum
971 1029 1124 1093 dolorem:

104 1115 184 1175 Picis
203 1114 332 1194 liquidae
351 1112 382 1175 8
401 1114 437 1196 ll,
461 1115 518 1175 olei
539 1117 648 1176 veteris
667 1112 698 1174 5*
718 1115 739 1196 Ι,
763 1119 879 1176 resinae
899 1117 1121 1181 terebinthinae
1138 1134 1160 1175 1o

104 1203 135 1264 P.
159 1204 186 1285 l,
214 1222 299 1265 cerae
328 1204 359 1265 P.
384 1203 423 1285 ΙΙ,
452 1222 576 1265 mannae
600 1203 630 1264 P.
657 1203 766 1285 bessu,
795 1205 931 1267 afronitri
958 1205 988 1266 P.
1013 1209 1122 1271 triens.

105 1291 250 1372 (loquitur
273 1295 323 1372 pix
347 1312 416 1354 cnm
439 1293 512 1374 oleo,
536 1293 630 1354 donec
654 1295 748 1371 spissa
772 1295 835 1375 liat3
858 1302 926 1373 post
949 1294 1004 1354 hoc
1027 1295 1122 1358 adici·

104 1389 154 1441 tur
182 1384 293 1462 resina,
322 1382 428 1443 deinde
457 1400 524 1442 cera
553 1389 582 1442 et
610 1382 773 1442 secundum
801 1383 878 1443 hanc
902 1401 937 1442 ex
960 1385 1121 1446 intervallo

104 1488 218 1532 manna.
253 1471 309 1531 Ubi
329 1471 481 1549 emplastri
500 1469 621 1530 habebit
639 1472 763 1549 figuram
783 1472 1039 1551 medicamentum,
1063 1476 1122 1534 tol-

104 1558 183 1620 letur
204 1559 240 1620 ab
259 1562 327 1638 igne
346 1568 461 1620 etcum
482 1567 636 1637 tepescere
656 1563 796 1641 coeperit,
820 1562 996 1621 alronitrum
1016 1580 1121 1640 asper·
1137 1579 1160 1620 rr

104 1656 191 1727 getur
215 1650 334 1729 sensim,
358 1666 395 1707 ne
419 1648 651 1727 superfundatur
675 1649 754 1727 quod
778 1652 808 1709 in
832 1649 957 1710 caccabo
981 1659 1035 1710 est.

69 1745 86 1795 4
194 1737 334 1816 Malagma
354 1736 390 1797 ad
405 1754 523 1797 omnem
537 1735 669 1797 dolorem
685 1747 816 1799 veterem
831 1757 867 1798 ex
883 1737 1012 1817 qualibet
1028 1758 1122 1802 causa

104 1827 223 1908 lactum,
242 1827 402 1906 praecipue
422 1826 458 1886 ad
473 1825 641 1887 lumborum
657 1826 798 1909 dolorem,
818 1830 874 1888 sic:
893 1827 1021 1887 Bidellae
1042 1827 1066 1887 ll
1084 1829 1122 1911 ll,

105 1917 229 1976 storacis
258 1915 338 1994 llV,
367 1916 470 1994 oesypi
499 1914 581 1994 llll,
610 1917 785 1976 ammoniaci
808 1914 833 1975 ll
857 1915 889 1995 V,
917 1918 1029 1994 piperis
1058 1917 1120 1979 albi

104 2003 129 2063 ll
148 2003 189 2084 11,
214 2007 290 2065 turis
314 2003 339 2064 ll
359 2004 390 2084 V,
413 2003 553 2065 bacarum
578 2004 654 2064 lauri
677 2003 707 2064 P.
727 2004 753 2082 l,
782 2004 1000 2064 terebinthinae
1024 2005 1049 2064 ll
1070 2005 1120 2088 Vl,
1136 2021 1160 2062 ec

104 2096 281 2173 opopanacis
306 2093 331 2154 ll
354 2093 393 2174 ss,
423 2093 518 2172 adipis
546 2095 654 2153 taurini
684 2092 708 2152 ll
733 2092 781 2171 Vl,
810 2093 955 2154 medullae
979 2096 1120 2156 cervinae

103 2180 129 2241 ll
154 2181 185 2261 V,
209 2181 340 2261 propolis
364 2180 393 2243 P.
419 2182 453 2261 8,
482 2181 539 2242 olei
568 2184 676 2242 veteris
699 2181 730 2242 P.
754 2181 780 2255 1,
808 2201 894 2242 cerae
917 2182 947 2242 P.
972 2181 1010 2261 ΙΙ,
1040 2187 1120 2245 turis

104 2269 222 2348 pollinis
240 2270 271 2330 P.
291 2270 312 2329 l.
348 2269 461 2350 Oleum,
486 2288 563 2350 cera,
586 2273 693 2349 resina,
717 2270 848 2348 propolis
873 2271 1042 2351 liqueliunt3
1067 2272 1120 2332 de-

103 2358 172 2417 inde
192 2360 268 2417 turis
283 2356 401 2436 pollinis
416 2358 533 2437 pondus
548 2360 687 2437 superius
702 2358 813 2419 dictum
829 2360 956 2420 adicitur
971 2368 1001 2419 et
1016 2370 1120 2422 cetera

103 2445 271 2504 minutatim
291 2444 336 2504 vel
355 2447 385 2504 in
405 2463 497 2505 unuin
517 2452 650 2524 contusa,
672 2455 774 2525 postea
798 2447 1007 2526 decoquuntur
1026 2451 1118 2510 simul
1134 2463 1160 2506 ae

103 2535 214 2612 omnia3
238 2551 437 2612 opopanacem
461 2551 531 2593 sane
556 2533 621 2594 oleo
645 2534 718 2595 dilui
741 2538 825 2614 prius
849 2546 974 2614 oportet.

67 2629 83 2678 ὁ
192 2621 447 2697 Medicamentum,
472 2622 550 2701 quod
574 2623 645 2683 lacit
664 2623 700 2683 ad
719 2642 822 2684 omnes
843 2626 1045 2687 membrorum
1066 2627 1118 2686 do-

103 2710 194 2792 lores,
224 2711 303 2790 quod
332 2711 487 2791 anodynon
510 2711 682 2790 appellatur.
725 2712 808 2774 Facit
832 2723 931 2774 autem
955 2717 1117 2794 praecipue

102 2799 138 2860 ad
162 2799 333 2861 lumborum
357 2799 483 2882 dolores,
508 2801 665 2862 conficitur
684 2803 741 2863 sic:
765 2802 879 2882 Myrrae
899 2802 924 2862 il
941 2803 1014 2884 Vlll‚
1033 2807 1119 2866 croci

102 2888 127 2948 ll
153 2888 216 2972 vll,
244 2891 422 2970 opopanacis
446 2889 562 2971 itidem,
590 2893 715 2952 storacis
745 2891 832 2973 llll,
861 2891 964 2953 alteroi
992 2895 1117 2955 seminis
1133 2908 1159 2948 ao

102 2977 173 3053 llV,
198 2981 259 3058 opii
279 2978 363 3058 xvi,
383 2979 594 3059 mandragorae
613 2980 723 3041 radicis
742 2980 788 3040 vel
807 2983 894 3042 etiarn
915 2983 1035 3041 corticis
1054 2981 1116 3062 ill,

101 3070 213 3147 piperis
233 3067 292 3128 albi
307 3067 332 3128 ll
346 3067 367 3128 l.
398 3067 643 3148 Consparguntur
659 3071 726 3129 trita
742 3078 771 3129 et
786 3068 914 3129 cribrata
929 3069 1000 3130 haec
1017 3073 1117 3132 omnia

51 3214 54 3218 ,
103 3175 138 3216 ex
162 3175 237 3236 aqua
256 3156 385 3236 pluviali,
409 3157 484 3217 liunt
503 3155 613 3235 pastilli
631 3158 780 3216 victoriati
798 3159 903 3218 tertiae
923 3161 1025 3238 partis,
1045 3160 1116 3220 dan-

102 3254 153 3305 tur
176 3247 275 3306 ieiuno
300 3263 336 3305 ex
360 3263 452 3323 aquae
476 3244 580 3324 cyatho
604 3262 664 3304 uno
693 3252 722 3304 et
750 3263 785 3305 ex
814 3249 893 3324 passi
917 3247 1021 3326 cyatho
1047 3267 1115 3309 rino.

192 3385 205 3432 1
222 3378 313 3435 frusta
326 3371 449 3434 Scribere.
510 3377 668 3433 3'oriblum.
733 3383 766 3432 10
779 3379 974 3447 terebiulinae,
993 3385 1056 3436 item
1071 3389 1114 3440 20.

102 3456 135 3503 11
155 3449 250 3504 triens.
299 3455 331 3504 19
351 3449 495 3504 storachis.
545 3449 650 3519 hysopi.
703 3454 737 3503 26
757 3448 857 3505 oleum.
913 3459 947 3508 30
967 3454 1113 3509 storachis.

101 3523 133 3572 al
154 3519 224 3589 opii]
244 3519 307 3575 sori.
