2438 3802
484 162 728 227 -213-

102 326 171 385 inde
191 325 227 385 ad
247 325 325 385 diem
345 324 463 385 sorbeat
481 323 527 384 vel
546 323 701 384 dimidium
721 325 868 406 cyathum,
892 324 1022 386 colorem
1041 325 1116 402 opti-

104 432 184 474 mum
208 412 328 474 habebit
352 421 382 473 et
405 413 521 473 facilius
545 412 708 492 suspirabit
736 421 766 473 et
794 413 893 474 cibum
919 413 1024 473 molius
1048 430 1117 473 con·

103 504 192 564 liciet.
232 501 306 562 Nam
330 504 355 561 si
380 503 447 580 quis
470 501 596 562 multum
620 501 783 562 comederit
807 509 837 562 et
859 521 919 563 non
945 503 1118 562 concoxerit

104 599 133 651 11
161 590 246 652 cibus
274 592 303 649 ei
329 592 361 650 in
385 590 536 650 stomacho
560 592 719 671 inacuerit,
743 591 862 651 sorbeat
885 591 921 651 de
945 590 1001 650 hoc
1024 589 1116 650 medi-

77 704 90 745 s
105 687 249 759 camento,
267 680 410 740 continuo
429 679 544 739 desinet
558 679 670 739 crudus
685 697 760 740 esse.
784 678 822 739 Ut
836 681 912 739 scias
927 697 1006 758 vero,
1021 689 1169 756 quan-117

104 775 164 827 tarn
193 769 251 827 vim
278 767 398 849 habeat,
427 769 515 827 etiam
544 767 665 828 caducis
693 768 795 828 datum
817 768 955 847 prodest·
993 765 1067 826 Nam
1090 767 1117 826 si

104 855 151 916 vel
179 855 253 916 duos
280 855 401 934 cyathos
430 855 549 916 cadivns
576 856 646 916 inde
675 856 793 917 sorbeat
822 865 852 917 et
879 863 981 917 currat
1010 873 1116 933 passus

103 944 183 1004 mille
211 944 356 1004 ducentos
384 946 598 1022 quinquaginta
625 946 758 1026 ieiunus,
788 948 862 1006 mire
893 943 1116 1023 remediabitur,

105 1035 131 1093 si
158 1033 205 1092 vel
232 1035 320 1094 tertio
348 1040 399 1093 aut
428 1040 534 1111 quarto
561 1032 608 1093 die
632 1033 662 1093 id
685 1037 843 1114 acceperit.
890 1034 975 1106 Quod
1000 1035 1026 1093 si
1049 1034 1116 1111 quis

66 1147 92 1186 10
107 1123 163 1182 erit
190 1123 221 1181 in
250 1120 421 1200 accipiendo
450 1121 571 1182 cottidie
603 1123 731 1203 patiens,
763 1125 884 1202 penitus
916 1120 1029 1182 carebit
1059 1120 1117 1180 hoc

105 1209 218 1270 morbo.
259 1209 322 1270 lloc
350 1209 535 1270 medicamen
563 1218 593 1270 et
615 1221 719 1271 ventos
743 1213 813 1271 eicit
835 1219 866 1272 11
888 1228 978 1270 venas
1001 1216 1117 1288 purgat.

104 1297 177 1359 Nam
201 1300 228 1358 is
250 1297 374 1358 morbus
398 1316 433 1359 ex
456 1307 613 1359 ventorum
636 1298 825 1360 multitudine
853 1307 1002 1377 movetur3
1030 1298 1118 1376 frige·

106 1389 162 1448 scit
185 1389 265 1446 enim
289 1405 399 1465 corpus
422 1387 458 1447 de
477 1389 662 1465 inparatione
682 1395 712 1448 et
730 1405 870 1448 nauseam
890 1387 961 1447 lacit
979 1395 1009 1446 et
1026 1387 1118 1446 romi·

105 1483 154 1536 tus
182 1484 288 1536 movet.
337 1475 369 1534 Si
397 1477 464 1553 quis
492 1494 563 1554 ergo
591 1476 648 1536 hoc
677 1485 786 1557 sumat,
815 1495 933 1536 omnem
961 1492 1060 1536 escam
1088 1481 1118 1534 et

63 1588 90 1629 11
103 1567 255 1644 potionem
283 1563 360 1624 bene
388 1572 555 1642 concoquat
583 1571 614 1624 et
641 1564 722 1625 nulla
749 1583 798 1625 res
827 1568 855 1626 ei
883 1563 1002 1625 nocebit
1030 1582 1063 1624 ac
1092 1564 1118 1623 si

103 1652 184 1713 voles
203 1653 259 1713 hoc
277 1652 473 1712 medicamine
491 1652 613 1731 pthisim
629 1654 742 1734 sedare,
761 1654 836 1714 adde
855 1655 917 1714 vini
936 1653 1031 1714 dulcis
1046 1669 1118 1732 pau-

104 1741 197 1801 lulum
221 1748 251 1800 et
274 1743 317 1800 sic
341 1741 409 1800 dato
429 1743 554 1801 mixtum
573 1741 696 1802 sorbere
714 1744 825 1803 ieiuno.
858 1743 890 1802 Si
909 1745 976 1821 quis
995 1742 1112 1819 sangui·
1120 1750 1171 1800 118

104 1847 173 1888 nem
192 1828 351 1910 excreabit,
370 1829 427 1889 hoc
446 1830 641 1890 medicamine
660 1838 782 1910 accepto
797 1831 882 1892 lacile
897 1833 985 1891 eiciet
1000 1847 1118 1891 omnem

106 1917 271 1978 molestiam
294 1924 324 1978 et
346 1935 438 1978 venae
462 1920 490 1978 ei
513 1918 721 1997 purgabuntur
745 1920 884 1999 quodque
908 1919 944 1980 ad
962 1918 1118 1999 pulmones

65 2028 92 2067 ro
107 2013 137 2065 et
160 2007 268 2066 arteria
292 2013 433 2084 corrupta
454 2007 575 2087 adtinet,
598 2025 652 2086 per
671 2010 814 2068 vomitum
834 2007 994 2089 sanabitur,
1018 2010 1043 2067 si
1061 2006 1118 2067 hoo

105 2094 321 2154 medicamento
350 2102 453 2155 utatur
480 2095 616 2176 adsidue,
647 2099 726 2157 etsi
750 2115 838 2176 quem
862 2115 937 2176 aqua
960 2097 1118 2156 intercutis

104 2183 232 2263 tenebit,
259 2183 289 2242 id
321 2191 367 2244 est
396 2185 422 2243 si
448 2183 630 2264 hydropicus
658 2187 728 2268 erit,
759 2185 912 2246 sanabitur
940 2185 1118 2264 faciliusque

105 2271 268 2352 curabitur,
293 2273 319 2332 si
341 2291 447 2333 recens
470 2272 593 2334 morbus
617 2274 716 2354 luerit,
739 2293 807 2335 nam
825 2293 880 2353 per
900 2276 1015 2334 urinam
1034 2272 1117 2333 illum

104 2362 163 2420 cito
179 2360 294 2438 digeret
313 2369 343 2421 et
362 2361 441 2439 quod
460 2361 496 2421 ad
512 2362 644 2440 splenem
659 2365 765 2424 attinet
779 2362 997 2425 extenuabitur.
1024 2361 1117 2441 Opor-

63 2471 89 2512 11
104 2457 148 2509 111
166 2466 238 2527 ergo
257 2451 342 2528 prius
356 2449 466 2531 videre,
485 2451 564 2512 unde
581 2454 648 2531 quis
662 2452 785 2512 morbus
799 2454 904 2513 veniat.
939 2451 1000 2512 Sia
1015 2451 1117 2529 splene

104 2539 170 2619 erit,
189 2544 294 2597 venter
314 2537 446 2599 solvetur
464 2547 515 2600 aut
533 2559 621 2601 crura
636 2541 807 2620 turgebunt.
832 2540 902 2601 Dari
915 2543 1015 2620 itaque
1031 2557 1117 2618 opor-

103 2625 178 2686 tebit
201 2644 287 2686 mane
310 2628 411 2687 ieiuno
435 2627 511 2688 duos
535 2629 656 2708 cyathos
680 2638 761 2690 certe
785 2629 831 2689 vel
854 2649 948 2690 unum
969 2628 1117 2708 cyathum,

104 2717 130 2775 si
153 2717 225 2774 satis
248 2715 385 2775 infirmus
409 2718 474 2796 erit,
498 2717 574 2777 dato.
618 2717 703 2789 Quod
727 2721 752 2778 si
776 2717 812 2777 ab
835 2719 934 2778 iecore
958 2719 1015 2778 erit
1038 2735 1116 2777 mor-

104 2801 169 2883 bus,
193 2803 289 2864 mellis
313 2802 451 2882 cyathum
475 2811 525 2863 aut
545 2807 625 2882 passi
644 2807 820 2865 commisces
840 2824 908 2866 cum
927 2805 1032 2883 cyatho
1052 2807 1116 2865 eius

62 2912 90 2953 eo
104 2892 180 2952 aceti
203 2892 292 2971 idque
316 2909 371 2970 per
398 2891 462 2950 dies
489 2891 601 2969 aliquot
628 2891 720 2952 dabie.
761 2892 894 2953 Primum
918 2911 1044 2970 namque
1069 2911 1117 2952 su·

104 2979 227 3041 doribus
250 2979 528 3059 vehementissimis,
551 2987 654 3057 postea
678 2982 766 3040 etiam
785 2981 872 3040 urina
894 2979 986 3039 multa
1010 2998 1117 3058 purga·

101 3069 196 3149 bitur3
216 3068 324 3129 deinde
343 3067 443 3128 cibum
462 3075 493 3128 et
510 3070 661 3147 potionem
679 3067 875 3128 libentissime
890 3075 987 3128 sumet
1007 3069 1117 3126 omnia-

103 3176 161 3236 que
184 3160 244 3220 cito
267 3163 442 3236 concoquet.

192 3309 472 3366 medicamentum.
546 3312 736 3380 tocceperab.
805 3309 949 3365 11111111.
1014 3307 1115 3363 11111-

102 3379 194 3449 gisoib
261 3386 293 3434 13
313 3382 442 3436 vomitos.
508 3388 541 3437 16
558 3381 713 3452 pouloium.
781 3380 952 3436 averterim
971 3380 1115 3449 corruptae

104 3451 265 3507 Oornariuo.
337 3457 371 3506 22
399 3450 549 3523 idropicus.
621 3457 655 3508 26
674 3453 711 3508 ad
729 3453 817 3522 splen.
888 3451 1093 3508 1911111111

102 3529 136 3578 31
155 3523 265 3577 urinam
284 3522 411 3577 multam.
