2438 3802
504 157 741 222 -120-

117 323 182 381 eius
207 321 297 381 luerit
320 322 449 401 incocta,
477 320 628 382 interdum
652 321 731 380 enim
755 337 771 379 e
795 319 934 380 dentibus
958 321 1043 398 quasi
1066 339 1131 381 rer-

117 408 219 469 miculi
243 409 362 487 quidam
385 411 543 471 eiciuntur.
580 410 672 469 Levat
695 408 828 468 dolorem
851 408 985 468 dentium
1004 415 1035 469 et
1052 409 1131 470 bitu·

82 510 186 559 3men
216 498 356 558 suffitum.
398 498 473 558 Item
502 497 748 558 commanducare
776 496 911 577 proderit
933 505 1130 558 mentastrum

117 587 163 647 vel
186 586 317 646 radicem
341 586 532 666 cotyledonis,
556 604 631 665 quae
654 585 747 646 herba
771 585 877 646 similia
900 585 969 646 lolia
988 586 1131 665 cymbalis

116 675 207 735 habet
225 677 417 754 nasciturque
437 675 499 736 fere
518 677 549 734 in
568 675 734 752 parietibus
752 674 870 735 umidis.
905 673 1044 753 Pyrelbri
1058 690 1158 753 quo-s

118 782 176 842 que
203 763 287 823 radix
313 764 555 824 commanducata
584 763 746 824 multorum
776 763 883 824 levavit
909 762 1042 823 dolorem
1074 782 1131 824 nec

117 853 216 911 minus
245 850 362 912 alumen
390 854 494 914 fissum
521 852 642 913 linteolo
671 854 767 930 spisso
796 851 1012 912 circumdatum
1036 859 1067 913 et
1090 854 1132 912 ita

118 940 230 999 diutius
254 939 423 1001 dolentibus
446 945 616 1021 inpressum
639 939 779 1001 dentibus
803 940 947 1001 medetur.
983 940 1132 1019 lnponere

118 1046 187 1088 vero
211 1030 270 1107 ipsi
294 1029 406 1090 dolenti
428 1038 546 1109 oportet
570 1030 652 1091 denti
674 1038 771 1089 totum
796 1029 853 1089 boc
880 1028 1132 1089 medicamentum

119 1118 204 1196 quasi
218 1118 423 1199 emplastrum,
435 1118 513 1197 quod
529 1120 686 1179 conficitur
700 1120 759 1178 sic:
778 1117 946 1177 Peucedani
963 1119 1027 1177 suci
1042 1117 1068 1177 li
1082 1117 1132 1197 111,
1146 1135 1174 1174 1o

118 1208 296 1284 opopanacis
320 1207 390 1286 xl,
418 1209 495 1268 turis
519 1206 602 1287 llll,
629 1225 702 1267 uvae
726 1224 830 1284 passae
855 1208 918 1266 sine
941 1208 1042 1283 granis
1065 1205 1132 1267 lll.

118 1293 197 1355 Haec
222 1297 319 1356 omnia
342 1314 396 1376 per
420 1315 451 1356 se
475 1296 620 1357 contundi
642 1294 768 1374 iubebis,
796 1294 903 1355 deinde
927 1312 1026 1354 ceram
1052 1313 1131 1355 com·

118 1385 238 1444 misceri
261 1393 291 1445 et
314 1386 409 1445 ceroti
431 1385 519 1445 modo
543 1385 736 1464 emplastrum
759 1385 832 1443 lieri.
873 1383 930 1444 Ubi
953 1383 1044 1443 furerit
1067 1401 1132 1462 gra-

118 1474 181 1532 vior
201 1472 285 1532 dolor
304 1473 410 1554 dentis,
430 1473 639 1551 auriscalpinm
658 1473 724 1533 lana
743 1471 824 1532 molli
838 1472 1007 1551 involvitur,
1022 1472 1132 1532 deinde

119 1563 265 1639 tinguitur
293 1562 512 1622 ferventissimo
540 1561 605 1621 oleo
632 1570 722 1641 atque
749 1563 790 1622 ita
818 1561 901 1622 denti
927 1563 1133 1640 proximisque
1148 1577 1175 1618 15

118 1651 244 1728 gingivis
268 1653 495 1731 superponitur3
522 1659 590 1729 post
616 1649 674 1710 hoc
699 1650 913 1710 medicamento
938 1650 1012 1710 dens
1036 1653 1134 1729 operi·

118 1747 176 1798 tur.
213 1738 245 1798 Si
263 1741 419 1818 repetierit
438 1748 489 1800 aut
512 1740 709 1817 permanserit
732 1738 816 1798 dolor
834 1738 927 1798 nihilo
946 1741 1054 1818 minus,
1077 1740 1133 1799 ite-

119 1844 186 1885 rum
218 1827 428 1907 auriscalpinm
457 1845 526 1888 cum
553 1827 618 1887 lana
646 1826 810 1887 involutum
838 1845 874 1887 ex
902 1827 967 1886 oleo
994 1827 1135 1888 candenti

120 1913 334 1976 eodemmodo
358 1919 462 1996 inponi
485 1917 603 1995 saepius
627 1915 785 1995 oportebit,
810 1915 904 1975 donec
928 1915 1012 1975 dolor
1035 1918 1134 1976 omnis

83 2018 100 2064 4
120 2002 274 2065 adimatur.
304 2005 336 2065 Si
351 2007 468 2085 quando
484 2005 683 2066 movebuntur
697 2005 811 2085 dentes,
830 2004 1024 2064 confirmandi
1044 2015 1134 2064 erunt
1149 2021 1176 2061 ao

119 2091 261 2172 alumine,
289 2113 348 2173 quo
376 2097 537 2156 infectores
566 2101 695 2155 utuntur
723 2101 753 2153 et
780 2091 866 2152 mede
894 2093 1007 2172 Attico,
1034 2095 1076 2152 ita
1101 2102 1135 2154 ut

120 2181 195 2242 duae
219 2191 319 2260 partes
343 2185 403 2243 sint
425 2183 530 2264 mellis,
556 2185 645 2243 tertia
668 2181 815 2242 aluminis.
858 2180 936 2241 llaec
960 2183 1081 2241 misceri
1105 2193 1135 2242 et

118 2273 174 2328 teri
200 2278 318 2347 oportet
341 2273 372 2330 in
395 2273 546 2349 mortario,
565 2271 672 2330 deinde
696 2273 726 2329 in
750 2269 856 2348 patella
875 2270 958 2330 fictili
978 2271 1135 2351 fervebam,

119 2365 153 2415 ut
177 2359 353 2437 spissantur,
376 2365 464 2435 atque
487 2359 529 2416 ita
553 2358 676 2418 recondi
698 2359 729 2416 in
754 2357 887 2436 quolibet
906 2377 983 2438 vaso,
1006 2359 1077 2419 dum
1096 2378 1134 2419 ne

120 2461 219 2504 aeneo.
261 2444 324 2505 Hoc
347 2445 596 2506 medicamentum
623 2448 752 2524 primum
782 2455 882 2506 auster
910 2457 957 2508 est
984 2456 1014 2508 et
1046 2449 1135 2508 nimis
1149 2464 1176 2505 aa

84 2545 100 2594 5
120 2535 297 2610 constringit
312 2533 424 2614 dentes,
443 2541 547 2612 postea
565 2535 720 2594 remissius
735 2535 861 2595 videtur.
894 2535 1031 2596 Proderit
1046 2539 1135 2596 motis

120 2620 259 2681 dentibus
279 2630 310 2681 et
328 2621 384 2681 hoc
398 2621 660 2684 medicamentum:
680 2622 764 2683 boeti
779 2626 915 2684 acerrimi
930 2622 961 2683 8
977 2624 998 2703 I,
1017 2625 1135 2685 cedriae

120 2706 151 2770 ἃ
167 2708 188 2788 Ι,
206 2709 343 2770 aluminis
362 2711 426 2771 lissi
444 2711 476 2772 P.
491 2710 525 2772 ll.
554 2710 674 2772 Teritur
693 2712 810 2772 alumen
829 2731 898 2772 cum
917 2722 1009 2792 aceto,
1030 2715 1134 2773 misce·

120 2809 170 2858 tur
198 2798 305 2860 deinde
333 2800 433 2860 cedria
460 2808 491 2861 et
518 2819 577 2862 una
605 2803 704 2861 omnia
732 2819 800 2860 vaso
836 2818 928 2860 aeneo
963 2809 1135 2878 coquuntur

120 2887 205 2948 taeda
228 2890 332 2968 pingui
355 2898 447 2970 mota,
475 2890 570 2950 donec
598 2892 628 2950 in
657 2889 752 2950 mellis
776 2889 1000 2968 spissitudinem
1024 2896 1135 2967 tempe·
1150 2903 1178 2944 ao

120 2986 214 3038 ratam
237 2979 419 3058 redigantur.
463 2978 526 3040 Hoc
550 2979 766 3040 medicamento
786 2980 812 3037 si
831 2979 898 3056 quis
917 2986 963 3037 ter
982 2978 1012 3036 in
1033 2995 1136 3036 mense

84 3066 226 3130 edentes
255 3069 459 3148 perfricarerit,
488 3068 621 3129 dolorem
650 3085 753 3128 eorum
781 3084 841 3126 non
865 3067 1044 3144 experietur.
1091 3065 1135 3125 dd

121 3155 256 3215 dentium
272 3157 402 3217 dolorem
418 3157 580 3216 benefacit
598 3157 694 3215 nauria
714 3173 749 3214 ex
768 3153 902 3232 piscibus
921 3153 1039 3214 lacertis
1056 3161 1135 3214 vete-

121 3243 215 3323 ribus,
239 3246 355 3323 siquis
379 3263 412 3304 ea
437 3244 563 3304 subinde
588 3261 621 3303 os
645 3241 763 3322 colluat,
787 3243 834 3303 rel
856 3242 978 3303 herbam
998 3242 1136 3322 peducla-

192 3449 347 3504 8medere.
433 3452 540 3500 avere.
620 3448 777 3519 tacerem]
798 3449 899 3502 cetera.
978 3452 1010 3500 13
1030 3448 1137 3517 empla-

124 3517 190 3574 uro.
303 3523 334 3571 16
352 3517 595 3572 medicamentum.
670 3524 704 3572 30
723 3518 902 3604 spissitudine
921 3519 1086 3587 temperata.
