2438 3802
502 126 742 193 -182—

115 293 278 370 inpositum
306 292 498 371 inpetigines,
527 307 600 368 quas
629 289 734 350 Graeci
761 291 857 368 agrias
882 298 1000 371 vocant,
1027 301 1133 370 poten-

64 392 98 441 14
116 382 230 441 tissime
255 388 346 441 sanat.
388 378 580 453 Formiculas,
605 397 679 458 quae
703 377 905 439 Herculaneas
929 381 1132 462 nominantur,

115 471 258 531 contritas
283 468 399 529 modico
423 467 489 528 3313-
507 466 621 528 adiecto
646 469 801 546 inpetigini
823 467 948 548 adpone,
974 468 1132 529 miraberis

114 558 293 639 remedium;
316 575 384 617 nam
408 555 546 617 celeriter
569 562 742 635 expurgant.

62 659 95 708 15
202 647 394 726 Impetigines
414 653 443 705 et
461 645 559 723 lepras
577 643 651 705 haec
670 646 836 723 conpositio
854 646 1061 724 potentissime
1081 665 1159 707 exa

114 737 218 815 tirpat:
242 736 330 796 Turis
345 732 479 815 masculi,
494 735 574 814 nitri,
590 735 705 812 argenti
721 751 851 813 spumae,
867 733 1020 813 sulphuris
1034 752 1132 815 aequa

114 823 246 904 pondera
275 842 343 884 cum
371 833 455 884 aceto
483 824 546 883 acri
573 829 713 883 teruntur
741 830 771 882 et
798 821 921 900 pinnula
944 824 1132 901 inponuntur

115 913 318 990 siccatumque
342 911 525 973 medicamen
549 911 660 973 eluitur
689 919 718 971 et
746 929 866 972 rursum
892 909 1029 972 inlinitur
1052 912 1131 973 adsi·

62 1016 95 1064 16
114 1001 172 1062 due
196 1000 310 1062 elutum
334 1008 422 1080 etque
446 1002 599 1061 siccatum.
634 999 667 1060 Si
689 999 796 1081 locum,
820 1017 909 1078 quem
928 996 1060 1079 inpetigo
1080 1002 1131 1062 ad·

113 1089 198 1170 ludit,
221 1107 294 1150 auro
313 1088 551 1170 circumscribas,
572 1097 675 1169 postea
694 1107 762 1150 eum
781 1091 901 1149 omnino
920 1107 980 1149 non
1000 1089 1131 1168 adpetet.
1147 1108 1173 1150 ao

63 1193 94 1242 11
114 1177 208 1259 Loco,
238 1197 326 1258 quem
354 1187 505 1256 mentagra
529 1177 692 1257 obsederit,
722 1177 825 1238 fimum
848 1179 1000 1238 murinum
1024 1180 1133 1241 tritum

116 1285 151 1326 ex
174 1276 257 1328 aceto
282 1275 399 1346 oportet
422 1268 526 1346 inponi
544 1266 591 1327 vel
612 1265 745 1327 eiusdem
765 1268 859 1327 muris
879 1269 977 1328 exusti
995 1268 1132 1330 cinerem

114 1373 181 1417 cum
205 1356 270 1417 oleo
294 1356 403 1435 adponi
426 1355 544 1417 salubre
569 1363 622 1416 est.

62 1458 94 1508 18
145 1459 154 1487 -2
202 1445 366 1506 Adversum
379 1444 611 1525 elephantiasim,
626 1445 706 1525 quod
716 1443 824 1505 malum
836 1443 1013 1524 plerumque
1026 1464 1042 1506 a
1053 1447 1131 1508 facie

114 1535 285 1612 auspicatur
308 1535 497 1612 primumque
521 1535 619 1593 oritur
642 1535 727 1613 quasi
750 1533 899 1594 lenticulis
920 1536 1010 1594 variis
1034 1543 1064 1596 et
1083 1538 1129 1596 in·
1147 1552 1171 1594 as

113 1622 285 1702 aequalibus
301 1629 368 1682 cute
386 1621 451 1682 alba
466 1621 537 1682 alibi
555 1640 663 1703 crassa,
682 1620 753 1682 alibi
771 1624 862 1701 tenui,
881 1621 1034 1702 plerisque
1054 1623 1131 1686 locis

113 1710 188 1772 dura
211 1719 240 1773 et
265 1712 350 1791 quasi
373 1710 492 1772 scabida
516 1719 546 1772 et
569 1710 605 1771 ad
628 1720 813 1790 postremum
837 1713 880 1771 sic
907 1713 1064 1791 increscit,
1096 1722 1130 1774 ut

113 1799 231 1860 ossibus
255 1820 324 1862 caro
348 1798 490 1862 adstricta
514 1799 748 1861 tumescentibus
769 1802 899 1878 primum
919 1800 1019 1878 digitis
1037 1809 1129 1881 atque

113 1889 247 1949 articulis
269 1891 448 1951 indurescat.
485 1888 541 1950 Hic
564 1888 687 1950 morbus
705 1888 896 1969 peculiariter
914 1888 1130 1968 Aegyptiorum

112 1976 230 2056 populis
249 1987 339 2040 notus
358 1987 404 2040 est
422 1997 478 2040 neo
494 1977 590 2039 solum
604 1981 635 2039 in
649 1978 756 2057 vulgus
771 1985 946 2060 extremum,
966 1978 1018 2038 sed
1038 1981 1129 2041 etiam
1144 1997 1170 2038 so

112 2067 144 2126 in
172 2085 259 2146 reges
286 2070 368 2147 ipsos
396 2068 569 2148 frequenter
599 2069 733 2146 inrepsit.
780 2065 864 2127 Unde
895 2066 1037 2128 adversus
1070 2068 1128 2129 hoc

111 2155 221 2216 malum
241 2157 314 2218 solia
331 2159 406 2236 ipsis
424 2159 456 2217 in
475 2157 580 2217 balneo
600 2156 713 2234 repleta
732 2155 860 2217 humano
881 2158 1024 2234 sanguine
1043 2175 1128 2235 para-

112 2242 229 2305 bantur.
262 2245 404 2305 Mustelae
423 2247 516 2323 igitur
534 2252 655 2305 exustae
675 2247 750 2305 cinis
770 2252 801 2304 et
816 2245 948 2305 eiusdem
964 2243 1078 2326 beluae,
1098 2246 1129 2306 id

113 2339 159 2391 est
183 2332 356 2412 elephantis
381 2335 501 2411 sanguis
524 2335 666 2393 inmixtus
691 2341 720 2392 et
743 2332 846 2393 inlitus
870 2333 1040 2393 huiusmodi
1061 2353 1129 2395 cor·

59 2432 92 2482 13
111 2417 235 2498 poribus
259 2420 403 2480 medetur.
445 2420 563 2481 Nitrum
590 2422 752 2481 contritum
776 2428 864 2481 etex
888 2421 974 2482 melle
997 2431 1028 2483 et
1051 2422 1171 2485 1331333

58 2522 92 2570 2ο
111 2505 223 2567 bubulo
252 2509 413 2587 inpositum
445 2508 656 2587 elephantiosis
689 2508 832 2587 prodest.
866 2509 960 2570 Radix
993 2515 1128 2592 asparagi

111 2595 232 2656 decocta
255 2599 287 2656 in
310 2603 393 2657 aceto
417 2605 447 2657 et
470 2599 539 2658 trita
564 2596 774 2676 elephantiosis
802 2598 1017 2660 rationabiliter
1042 2603 1127 2680 inpo-

57 2685 201 2749 2131133.
239 2684 393 2746 Mentastri
417 2685 486 2748 lolia
509 2686 752 2748 commanducata
776 2686 822 2747 vel
845 2690 973 2748 contrita
992 2689 1127 2768 adposita

111 2772 322 2852 elephantiosis
349 2776 520 2858 medentur,
549 2775 638 2838 cedro
664 2784 786 2857 ‘quoque
814 2775 898 2837 tabes
925 2776 974 2837 ille
1002 2777 1126 2840 adsidue

109 2872 255 2943 peruncta
279 2873 408 2925 sanatur.
464 2922 467 2927 ,
1141 2883 1169 2924 so

55 2965 90 3016 22
198 2951 250 3014 Fel
274 2956 410 3014 ursinum
433 2954 567 3034 leprosos
590 2956 748 3016 admodum
771 2963 870 3036 sanat,
894 2956 920 3014 si
943 2972 978 3014 33
1002 2955 1127 3016 adsidue

109 3041 309 3124 perlinantur3
333 3043 424 3122 adeps
448 3062 566 3124 quoque
590 3046 655 3105 eius
678 3044 785 3105 livores
810 3052 840 3104 et
861 3041 991 3103 maculas
1013 3045 1125 3106 eximit.

56 3141 90 3193 23
109 3129 177 3210 hpii
196 3149 298 3193 semen
317 3140 348 3192 et
366 3132 466 3194 anethi
485 3141 623 3204 conteres
643 3141 673 3192 et
692 3151 760 3193 cum
774 3131 861 3192 melle
876 3131 1015 3192 miscebis
1034 3142 1125 3212 atque

56 3219 179 3281 2413113
208 3220 413 3281 malandriosis
442 3229 586 3299 quantum
613 3220 741 3282 sufficiat
764 3221 903 3299 adpones.
949 3220 1032 3282 Inula
1056 3240 1125 3282 con-

110 3309 180 3368 trita
204 3309 392 3387 inpositaque
415 3310 512 3386 primo
537 3308 657 3387 quidem
677 3308 866 3388 exulcerabit,
890 3309 998 3370 deinde
1018 3326 1167 3390 exponas

109 3403 175 3474 gata
203 3399 282 3456 omni
310 3395 392 3474 lepra
422 3396 600 3475 detersaque
628 3398 708 3475 putri
738 3407 767 3457 et
794 3396 892 3458 tabida
921 3405 990 3458 oute
1019 3417 1126 3461 novam

109 3483 295 3562 similemque
315 3491 415 3545 cetero
435 3486 555 3564 corpori
573 3484 677 3546 reddet
696 3503 751 3547 nec
771 3488 927 3548 cicatrices
941 3487 1042 3548 loedas
1058 3506 1124 3549 3333
