2438 3802
77 856 309 920 MARCELLUS
319 856 383 918 VIR
392 857 582 919 INLUSTER
596 857 648 918 EX
658 858 851 922 MAGISTRO
862 859 1095 924 OFFICIORUM

185 981 391 1043 rfluuuosll
414 981 495 1045 SEN.
519 982 631 1043 FlLllS
656 983 738 1045 SUIS
763 983 940 1046 SALUTEM
963 985 995 1047 D.

535 1125 642 1132 ——-.

172 1229 300 1291 Secutus
324 1247 414 1308 opera
437 1230 640 1291 studiosorum
663 1233 808 1311 virorum,
837 1234 888 1309 qui
914 1231 984 1293 licet
1006 1232 1095 1294 alieni
1116 1244 1130 1290 1

80 1320 193 1380 fuerint
215 1318 251 1378 ab
274 1320 461 1379 institutione
485 1319 658 1399 medicinae,
681 1327 780 1379 tamen
803 1319 975 1380 huiusmodi
997 1323 1096 1381 causis

81 1426 170 1468 curas
188 1407 302 1468 nobiles
321 1406 497 1487 intulerunt,
515 1407 648 1468 libellum
667 1407 747 1468 bunc
766 1407 803 1468 de
821 1409 971 1486 empiricis
986 1417 1095 1487 quanta

79 1498 166 1576 potui
189 1496 319 1557 sollertia
338 1495 551 1575 diligentiaque
575 1498 749 1575 conscripsi,
773 1496 974 1557 remediorum
997 1497 1095 1577 physi-

50 1600 186 1646 scorum
210 1587 271 1645 sive
295 1584 515 1646 rationabilium
538 1585 775 1647 confectionibus
801 1594 832 1646 et
854 1586 1095 1647 adnotationibus

80 1675 192 1733 lartum
210 1673 369 1734 undeunde
388 1673 528 1735 collectis.
557 1675 630 1736 Nam
644 1678 670 1736 si
686 1676 756 1754 quid
773 1693 913 1754 umquam
928 1693 1095 1755 congruum

80 1764 200 1822 sanitati
219 1764 424 1840 curationique
443 1763 597 1825 homiuum
616 1763 663 1824 vel
682 1763 718 1825 ab
737 1764 803 1824 aliis
822 1767 945 1842 conperi
964 1764 1011 1825 vel
1029 1767 1094 1843 ipse

79 1869 141 1911 usn
163 1849 322 1929 approbari
344 1851 390 1911 vel
413 1851 537 1931 legendo
567 1854 706 1935 cognovi,
733 1853 764 1913 id
793 1871 929 1932 sparsum
960 1854 1093 1914 incondi-

79 1950 204 2017 tumque
229 1938 333 2018 collegi
356 1949 386 2000 et
409 1943 440 2000 in
464 1958 557 2001 unum
574 1959 683 2019 corpus
703 1943 788 2018 quasi
807 1941 930 2001 disiecta
949 1950 979 2002 ct
997 1941 1094 2002 lacera

39 2043 66 2083 ιο
80 2027 273 2107 Aesculapius
294 2027 388 2089 Virbii
410 2027 544 2089 membra
567 2030 721 2108 conposui.
762 2026 823 2087 Nec
852 2027 948 2088 solum
978 2035 1093 2089 veteres
1111 2038 1128 2085 2

79 2117 243 2177 medicinae
272 2120 345 2177 artis
376 2125 513 2179 auctores
540 2117 646 2179 Latino
679 2118 832 2178 dumtaxat
859 2133 996 2176 sermone
1026 2135 1093 2196 per·

79 2208 220 2287 scriptos,
249 2207 299 2267 cui
327 2208 372 2266 rei
398 2225 519 2286 operam
546 2214 673 2286 uterque
701 2205 815 2266 Plinius
844 2213 874 2266 et
897 2205 1040 2284 Apuleius
1064 2214 1094 2268 et

78 2293 182 2355 Celsus
202 2302 232 2355 et
245 2293 424 2374 Apollinaris
441 2314 475 2356 ac
489 2295 716 2375 Designatianus
731 2294 839 2374 aliique
854 2295 989 2357 nonnulli
1004 2298 1092 2357 etiam

79 2386 213 2461 proximo
233 2391 368 2462 tempore
385 2383 527 2445 inlustres
546 2384 710 2446 bonoribus
729 2386 794 2465 viri,
815 2386 895 2445 cives
915 2403 948 2446 ac
965 2388 1092 2447 maiores

40 2486 65 2526 1⁵
80 2475 184 2554 nostri,
208 2472 356 2553 Siburius,
379 2471 541 2553 Eutropius
565 2482 654 2554 atque
675 2473 834 2554 Arasonius,
858 2474 1092 2556 commodarunt,

77 2559 206 2621 lectione
230 2568 382 2622 scrutatus
405 2580 480 2643 sum,
503 2563 556 2624 sed
580 2565 669 2624 etiam
687 2562 723 2623 ab
742 2562 910 2642 agrestibus
930 2571 959 2624 et
978 2563 1092 2643 plebeis

77 2650 209 2710 remedia
238 2651 361 2712 fortuita
385 2659 474 2730 atque
498 2650 652 2734 simplicia,
680 2670 755 2731 quae
784 2653 996 2730 experimentis
1024 2671 1092 2731 pro·

78 2736 229 2818 baveraut,
247 2738 346 2800 didici.
377 2739 511 2812 Quorum
530 2740 613 2801 vobis
632 2742 747 2820 copiam
766 2739 866 2801 labore
881 2749 983 2802 nostro
998 2741 1091 2820 vigili·
1110 2755 1126 2804 3

80 2842 157 2901 aque
180 2825 351 2909 taciendam,
374 2829 427 2888 fllii
448 2829 622 2906 dulcissimi,
639 2847 694 2906 pro
713 2831 891 2888 necessitate
910 2831 1091 2890 infirmitatis

40 2925 68 2965 20
81 2910 226 2974 humanae
248 2917 415 2994 piissimum
439 2915 523 2995 duxi,
554 2932 641 2974 orans
671 2916 801 2990 primum
825 2915 954 2975 divinam
977 2918 1091 2976 miseri·

80 3000 223 3084 cordiam,
251 3023 289 3065 ne
316 3005 400 3066 vobis
428 3006 595 3082 vestrisque
619 3000 791 3081 experiendi
814 3001 903 3061 buius
926 3001 1017 3062 libelli
1040 3020 1091 3063 ne-

78 3093 201 3152 cessitas
234 3093 293 3154 ulla
325 3102 478 3174 nascatur,
509 3101 572 3154 tum
605 3093 631 3154 si
659 3107 716 3170 qua
745 3089 836 3151 luerit
865 3090 1090 3170 prospiciendae

77 3177 182 3241 salutis
206 3188 236 3242 ct
259 3181 387 3242 tuendae
405 3181 581 3243 valetudinis
601 3197 698 3260 causa,
717 3178 907 3258 gratulemini
926 3179 1090 3259 superbae

77 3285 110 3328 re
128 3267 224 3330 labori
243 3269 403 3349 studioque
421 3280 532 3351 nostro,
552 3271 631 3350 quod
651 3268 734 3330 vobis
748 3267 860 3349 absque
875 3269 984 3330 medici
999 3271 1091 3332 inter·

148 3473 182 3512 ex
196 3456 332 3528 magistro
345 3457 500 3513 officiorum
511 3458 653 3516 Pithoeus:
667 3475 701 3515 ex
711 3474 814 3530 magno
825 3459 918 3518 officio
928 3461 1099 3520 Cossutius.

129 3553 285 3608 Minassos,
297 3566 337 3599 un.
351 3557 506 3604 Huumrcrr.
929 3559 950 3610 l
