2438 3802
538 167 776 234 -242-

98 344 132 395 ‘12
241 331 385 393 Catellum
408 331 565 392 lactantem
590 331 626 390 de
646 348 738 390 canna
757 329 859 389 occide
884 339 912 388 et
931 328 968 388 de
986 330 1050 406 ipsa
1071 347 1168 389 canna

152 421 285 500 splenem
314 423 378 481 eius
407 412 487 480 tolle
505 438 538 479 ac
566 420 711 480 nescienti
741 417 896 497 splenitico
924 419 955 477 in
983 416 1168 479 carbonibus

98 522 131 572 73
152 519 270 571 coctum
293 509 340 570 vel
362 517 492 569 assatum
511 506 747 567 manducandum
767 506 843 566 dato.
880 507 1064 566 Ammoniaci
1083 504 1168 585 drag.

151 617 202 659 sex
227 618 262 659 ex
287 605 370 658 aceto
394 596 502 658 dilutas
526 614 579 674 per
603 613 654 655 sex
678 595 741 655 dies
764 595 877 655 lienoso
898 597 998 655 ieiuno
1017 593 1101 654 dabis
1122 595 1168 654 bi-

150 687 276 767 bendas,
304 688 344 746 ita
372 696 406 745 ut
434 684 558 762 singulis
586 683 691 743 diebus
714 683 845 761 singulas
869 683 1005 761 dragmas
1028 685 1195 761 accipiats

98 787 131 837 74
149 777 235 836 loeti
259 773 389 834 scillitici
407 772 538 833 Africani
561 772 681 851 cyathos
704 781 766 832 tres
790 781 820 832 et
842 774 920 831 roris
939 773 1045 831 marini
1067 804 1106 814 -
1125 771 1168 832 lll

151 870 288 923 conteres
319 861 476 940 diligenter
504 879 537 921 ac
564 863 664 920 ieiuno
692 860 805 920 lienoso
833 879 887 939 per
914 860 1046 920 triduum
1079 861 1168 921 dabis

151 950 308 1032 bibendas3
331 968 388 1028 qua
411 951 545 1029 potione,
569 951 594 1009 si
619 949 688 1028 quid
713 957 835 1028 experto
859 948 1004 1028 creditur,
1029 948 1167 1026 spleniti-

150 1057 217 1099 cum
242 1038 278 1098 de
302 1039 406 1099 ultimo
430 1037 562 1117 periculo
587 1037 735 1098 liberabis.

97 1141 129 1189 75
237 1126 388 1206 Malagma,
412 1126 490 1206 quod
515 1134 544 1186 et
568 1126 679 1204 splenis
703 1133 733 1186 et
755 1127 895 1185 iocineris
914 1125 1045 1185 dolorem
1066 1134 1096 1185 et
1116 1134 1165 1186 tu·
1182 1146 1207 1185 10

151 1235 264 1276 morem
279 1217 485 1294 potentissime
501 1223 598 1276 curat:
618 1213 866 1290 Crocomagmatis
882 1216 1043 1273 sextarium
1058 1233 1167 1296 unum,

151 1313 251 1382 guttae
275 1306 449 1365 ammoniaci
472 1303 577 1364 libram
601 1321 712 1382 unam,
731 1320 816 1362 cerae
843 1301 948 1362 libram
972 1320 1076 1381 unam,
1105 1304 1169 1365 olei

150 1395 264 1454 rosacei
284 1427 324 1434 -
341 1392 390 1452 lll.
428 1392 649 1452 Ammoniacum
673 1409 739 1451 cum
764 1401 998 1468 crocomagmate
1022 1410 1058 1450 ex
1078 1402 1166 1454 aceto

150 1492 239 1562 teres,
262 1484 303 1540 ita
322 1489 356 1540 ut
375 1479 465 1540 colari
483 1483 586 1558 possit,
605 1488 694 1558 atque
713 1478 773 1540 illic
792 1478 891 1539 triduo
912 1498 976 1539 esse
995 1483 1166 1562 permittes,

150 1570 244 1629 donec
267 1567 364 1628 mellis
388 1566 611 1646 spissitudinem
634 1567 753 1648 babeat,
781 1577 883 1646 postea
913 1586 979 1628 cera
1003 1567 1166 1646 liquefacta
1182 1587 1208 1629 15

149 1667 178 1718 et
208 1675 362 1717 rosaceum
391 1655 502 1735 oleum,
531 1655 582 1714 sed
612 1673 680 1714 cnm
708 1674 760 1715 sna
789 1675 855 1715 rosa
883 1658 986 1716 tritum
1015 1656 1166 1718 adicietur

149 1757 178 1807 et
207 1746 295 1806 simul
319 1747 456 1806 universa
481 1744 652 1821 diligentius
676 1752 869 1804 conterentur
892 1753 980 1822 atque
1004 1744 1167 1806 inductum

148 1837 179 1895 in
203 1853 301 1914 panno
324 1833 508 1894 medicamen
532 1832 627 1912 spleni
651 1832 696 1892 vel
720 1835 813 1892 iecori
836 1833 1009 1912 adponetur.

95 1935 128 1985 76
238 1922 316 1984 Picis
346 1923 436 1984 durae
465 1924 639 2001 sextarium,
668 1920 789 1982 sulfuris
819 1923 876 1981 vivi
906 1955 943 1965 —
969 1921 982 1980 l
1010 1921 1099 1981 simul
1127 1925 1165 1984 ad

150 2015 247 2090 ignem
271 2013 390 2072 remitte
414 2021 443 2071 et
466 2013 613 2090 permisce
637 2017 725 2089 atque
749 2011 779 2069 in
804 2010 905 2070 charta
925 2011 1037 2089 virgine
1057 2011 1164 2073 induc·
1179 2031 1205 2070 ro

148 2109 211 2161 tnm
236 2100 331 2180 spleni
355 2100 482 2181 adpone,
511 2118 570 2160 non
596 2101 680 2177 prius
703 2097 896 2178 emplastrum
920 2099 955 2159 ab
980 2118 1014 2159 eo
1038 2100 1165 2162 recedet

148 2208 234 2268 qnam
259 2192 378 2268 penitus
401 2197 586 2268 personetur.

94 2291 127 2338 tt
235 2277 279 2336 dd
296 2277 428 2355 splenem
443 2277 608 2336 remedium
622 2275 781 2355 singulare,
801 2276 880 2354 quod
895 2277 931 2336 de
947 2278 1163 2354 experimentis

147 2364 279 2442 probatis
294 2363 471 2423 Gamalielus
489 2363 657 2440 patriarcha
678 2365 813 2441 proxime
834 2366 971 2444 ostendit,
992 2367 1048 2425 sic:
1072 2363 1161 2443 Lapi-

147 2451 192 2510 dis
205 2451 272 2510 Assi
288 2453 402 2510 unciam
418 2469 508 2510 unam
523 2452 621 2530 semis,
637 2453 709 2510 visci
725 2454 861 2529 quercini
875 2456 978 2513 uncias
993 2471 1053 2534 sex,
1069 2453 1162 2516 calcis
1176 2472 1201 2513 aa

148 2540 228 2597 vivae
252 2539 355 2597 uncias
378 2546 449 2618 tres,
473 2537 529 2598 olei
553 2538 667 2598 cedrini
687 2540 804 2599 unciam
823 2559 920 2602 unam.
953 2541 1033 2602 Haec
1053 2560 1069 2601 a
1089 2541 1162 2604 luna

147 2633 227 2686 sexta
252 2625 365 2686 decima
389 2627 495 2687 confici
524 2634 553 2687 et
582 2628 671 2705 coqui
698 2626 821 2709 debent,
849 2630 1032 2690 omnifariam
1060 2640 1162 2692 tamen

147 2724 213 2793 post
236 2715 368 2793 quintam
392 2715 536 2776 decimam
555 2713 653 2776 lunam
674 2715 763 2777 debet
781 2717 837 2779 hoc
858 2719 1040 2778 medicamen
1059 2722 1162 2796 parari

147 2812 176 2864 et
195 2803 321 2864 tamdiu
341 2806 437 2885 coqui,
457 2804 551 2864 donec
566 2803 672 2866 habeat
687 2807 817 2884 speciem
833 2806 1028 2886 malagmatis3
1050 2807 1161 2869 deinde

147 2892 283 2954 manibus
312 2892 410 2972 subigi
437 2903 467 2954 et
489 2894 591 2954 induci
614 2896 644 2954 in
668 2894 775 2973 pellem
798 2895 952 2956 alutaciam
976 2904 1064 2973 atque
1089 2897 1161 2957 inde
1175 2914 1200 2955 eo

147 2992 251 3062 tepens
275 2982 340 3042 loco
364 2982 475 3062 splenis
499 2983 607 3061 adponi
630 2984 779 3062 fasciaque
798 2985 892 3066 ligari,
916 2992 949 3044 ut
968 2984 1027 3044 illic
1047 2986 1160 3062 iugiter

146 3079 262 3132 nrancat
285 3070 391 3132 diebus
415 3090 448 3132 ac
476 3071 614 3132 noctibus
637 3072 889 3152 quattuordecim,
917 3091 971 3151 per
994 3091 1069 3150 quos
1094 3073 1161 3134 dies

146 3159 354 3220 abstinendum
373 3160 485 3220 balneis
504 3167 534 3219 et
553 3159 666 3237 frigidis
686 3167 716 3220 et
734 3177 841 3220 venere
862 3168 891 3220 et
909 3162 1004 3238 pomis
1019 3161 1160 3222 omnibus

146 3259 175 3307 et
199 3248 351 3308 holeribus
375 3257 405 3309 et
427 3246 564 3308 dulcibus
587 3249 747 3328 universis,
771 3256 869 3309 tamen
893 3257 1026 3328 tempore
1050 3248 1160 3310 hiemis

234 3451 375 3508 bacilliii.
440 3457 472 3506 12
492 3451 626 3506 ammoni.
687 3458 721 3506 14
739 3453 858 3509 colorari
880 3455 1039 3510 Cornelius.
1095 3472 1159 3525 per-

136 3523 246 3578 mittas.
322 3528 357 3579 18
374 3521 471 3578 iecuri.
544 3529 578 3577 24
597 3522 772 3592 gamelielus.
844 3533 878 3581 25
898 3525 1053 3596 querquini.
