2438 3802
482 153 614 218 -203
663 190 700 200 —

83 316 174 396 aloes,
189 314 319 376 absinthi
333 315 464 394 singulas
479 317 592 396 unciaS,
607 319 732 377 storacis
749 349 787 360 -
804 316 830 376 11
841 317 870 397 S,
885 320 967 378 croci
981 351 1019 360 -
1032 317 1059 377 ll
1070 318 1099 399 S,

81 422 172 466 cerac
200 410 230 464 ct
257 403 402 464 medullae
430 405 566 464 cervinae
596 405 726 482 singulas
754 404 861 485 libras3
894 413 1040 466 storacem
1069 416 1099 467 et

84 489 207 555 crocum
230 492 326 570 pridie
344 511 461 552 macera
480 495 548 552 vino
567 496 661 554 veteri
679 494 813 554 infusum
831 502 862 554 et
880 496 924 555 sic
943 494 1101 571 diligenter

83 591 163 661 tere,
191 580 350 641 medullam
379 588 408 641 et
436 599 535 641 ceram
563 583 682 642 remitte
705 584 780 663 igni,
809 589 908 643 cetera
931 591 1020 643 tunsa
1043 585 1101 642 cri·

54 671 230 747 obrutaque
254 669 342 729 simul
365 672 457 730 misce
481 677 512 729 et
535 678 636 730 ceroto
661 671 875 749 superinfunde
895 678 925 731 et
948 673 979 731 in
998 674 1100 750 panni-

84 758 152 820 culo
181 768 266 818 utere
295 758 331 818 ad
356 759 540 819 stomachum
571 758 686 821 duabus
709 759 756 820 vel
784 759 881 820 trihus
904 760 987 820 boris
1016 768 1046 820 et
1075 763 1100 820 si

84 848 190 908 durius
217 845 367 907 videbitur
396 866 483 925 quam
512 865 577 906 esse
606 846 708 926 dehet,
738 847 836 908 oleum
864 849 1021 910 nardinum
1049 857 1101 908 aut

84 935 255 1014 gleucinum
278 934 339 995 illic
362 935 455 1015 adice,
477 943 512 995 ut
530 935 691 996 mollescat
722 934 874 1016 Hysopum
893 947 1011 1000 coctum
1031 956 1099 998 cum
1120 947 1153 996 70

84 1023 212 1102 oxymeli
234 1025 354 1084 ieiunus
377 1024 424 1084 vel
451 1031 519 1102 post
547 1042 651 1084 cenam
677 1027 728 1102 qni
756 1044 810 1103 per
833 1026 966 1086 cocleare
990 1027 1099 1087 cotidie

43 1129 71 1171 ιο
85 1113 220 1193 accipiet,
244 1111 360 1173 facilins
383 1113 521 1173 conficiet
544 1111 652 1174 cibum.
688 1112 828 1174 Radioem
847 1115 969 1175 feniculi
987 1117 1018 1174 in
1038 1117 1099 1174 vini
1119 1124 1152 1173 ‘11

84 1200 189 1281 cyatho
213 1200 309 1261 radito
334 1208 364 1261 et
386 1203 561 1280 priusquam
586 1219 675 1260 cenes
693 1201 740 1260 vel
764 1220 833 1262 cum
852 1202 1013 1263 dormitum
1032 1202 1098 1283 ibis,

83 1291 170 1369 potui
192 1291 310 1369 sumito,
333 1308 392 1368 quo
416 1290 494 1350 facto
517 1289 623 1349 melius
647 1290 772 1366 digeres.
813 1289 933 1350 Laseris
956 1293 1018 1350 veri
1037 1309 1098 1351 mo·
1118 1299 1152 1347 72

83 1378 184 1438 dicum
207 1395 244 1438 en
268 1396 361 1456 aquae
385 1378 508 1456 frigidae
531 1377 636 1456 cyatho
661 1376 788 1437 dilutum
812 1378 974 1438 dormitum
999 1382 1099 1439 iturus

83 1465 166 1548 bibe,
197 1465 392 1544 digestorium
422 1469 532 1526 mirum
560 1468 733 1544 experieris.
778 1465 873 1527 Mellis
903 1467 993 1528 Attici
1021 1467 1052 1528 P.
1077 1467 1098 1548 l,
1119 1475 1152 1525 ‘13

42 1555 249 1616 rovettonicac
277 1557 365 1615 tritae
389 1554 505 1614 -llll
537 1557 568 1615 in
596 1573 689 1615 unum
717 1557 865 1634 permisce
893 1565 923 1616 et
949 1575 1040 1636 pone,
1066 1564 1100 1616 ut

12 1704 15 1709 ,
83 1644 267 1724 conferveat3
291 1643 370 1722 quod
394 1663 462 1704 cum
485 1644 715 1725 refrigeraverit,
741 1644 832 1705 facies
855 1645 989 1722 pastillos
1012 1647 1098 1705 nucis

83 1732 230 1794 avellanae
262 1733 465 1811 magnitudine
495 1741 525 1794 et
556 1740 625 1811 post
661 1751 763 1793 cenam
798 1733 930 1810 singulos
965 1733 1098 1813 hauries3

84 1839 144 1899 quo
171 1821 249 1881 facto
276 1824 372 1901 prime
401 1821 550 1900 quoslibet
577 1839 746 1899 concoques
779 1821 869 1881 cibos.
915 1821 989 1881 Item
1019 1821 1098 1882 aliud
1118 1828 1153 1878 ‘14

85 1908 247 1969 embamma
271 1910 467 1988 digestorium
490 1911 636 1987 optimum
660 1918 690 1968 et
712 1909 903 1969 utilissimum
927 1912 984 1970 sic:
1009 1909 1097 1988 Ligu-

44 2015 73 2054 so
88 1998 157 2057 stici
179 1996 256 2077 drag.
275 1997 338 2078 llll,
361 1997 523 2076 gingiberis
545 1993 625 2073 drag.
643 1996 665 2076 Ι,
688 1997 854 2074 petrosdini
874 1995 953 2076 drag.
972 1997 993 2078 Ι,
1017 2001 1098 2078 pipe-

84 2089 128 2146 ris
156 2083 233 2165 drag.
257 2086 283 2165 Ι,
312 2087 454 2166 epithymi
481 2084 560 2165 drag.
583 2084 596 2144 1
629 2095 660 2144 et
687 2083 791 2144 laseris
819 2086 984 2163 scripulum
1012 2088 1097 2146 dimi·

84 2175 179 2256 dium3
198 2185 287 2236 tunsa
305 2175 378 2236 haec
398 2193 431 2234 ac
451 2175 609 2252 diligenter
628 2172 756 2234 cribrata
774 2175 898 2234 misceto
918 2193 987 2235 cum
1001 2193 1097 2254 passo.

84 2263 148 2324 Hoc
171 2264 242 2324 facit
266 2263 355 2324 etad
380 2282 440 2344 eos,
464 2265 515 2342 qui
539 2261 639 2324 cibum
662 2270 765 2322 tenere
789 2281 849 2323 non
870 2272 996 2341 possunt
1015 2283 1096 2325 eum-

83 2371 141 2431 que
164 2351 325 2412 vomitibus
349 2354 506 2432 reicctant;
530 2370 599 2412 mox
622 2369 693 2430 ergo
715 2351 768 2412 ubi
786 2351 887 2412 cibum
907 2355 1098 2433 sumpserint,

41 2457 70 2498 ss
84 2441 152 2502 dato
175 2440 327 2520 pastillum
350 2441 386 2501 ad
410 2441 531 2502 modum
559 2443 645 2502 nucis
671 2439 819 2501 avellanae
842 2441 879 2501 de
903 2442 1098 2503 medicamine

83 2547 173 2609 supra
184 2532 297 2608 scripto
312 2530 391 2590 etad
406 2548 548 2609 praesens
559 2549 610 2591 eos
619 2529 735 2591 abstine
745 2537 826 2611 potu,
841 2533 901 2591 cito
911 2531 1098 2592 remediahis.

171 2618 404 2698 Epithcmatium
431 2619 724 2680 vehementissimum
752 2619 788 2679 ad
817 2618 917 2680 cibum
940 2621 1097 2680 conficien-
1118 2625 1152 2675 75

83 2709 154 2767 dum
178 2709 235 2768 sic:
267 2706 433 2786 Zingiheris
456 2726 493 2768 ex
516 2715 599 2768 aceto
623 2709 766 2767 macerati
788 2705 819 2768 P.
839 2707 865 2786 Ι,
889 2710 1099 2786 auripigmenti

83 2795 115 2856 P.
133 2794 155 2875 Ι,
180 2795 311 2856 faeculae
335 2796 366 2856 P.
381 2796 403 2876 Ι,
426 2795 515 2856 calcis
535 2797 617 2855 vivae
637 2795 716 2872 drag.
736 2794 772 2874 ll,
795 2795 940 2872 sinopidis
957 2795 1098 2856 Ponticae

42 2883 116 2944 aoP.
139 2883 166 2960 1,
192 2883 298 2945 lisivae
322 2883 353 2944 S
377 2884 403 2963 Ι,
433 2885 503 2944 trita
530 2881 604 2942 haec
632 2884 663 2940 in
691 2881 778 2941 ollam
806 2900 912 2940 novam
939 2884 1040 2941 mittes
1068 2891 1099 2941 et

84 2973 200 3034 fervere
224 2974 314 3034 facies
338 2971 440 3053 simul,
468 2969 562 3030 donec
589 2969 686 3031 mellis
710 2969 938 3029 crassitudinem
962 2968 1098 3050 habeant,

84 3069 207 3123 etcum
231 3081 306 3141 opus
330 3062 434 3142 fuerit,
461 3058 584 3119 inducta
610 3075 708 3136 panno
737 3056 831 3118 calida
858 3057 1024 3117 visceribus
1050 3057 1098 3117 ad-

77 3168 187 3230 pones.
217 3151 292 3212 Cum
310 3151 369 3211 ibis
387 3149 559 3229 dormitum,
576 3146 736 3226 zingiberis
755 3145 905 3206 modicum
924 3145 1099 3224 sublingua
1118 3154 1152 3204 ‘16

83 3246 185 3301 teneto
214 3247 244 3301 et
272 3258 308 3300 cx
334 3257 424 3319 posca
456 3237 550 3298 calida
582 3254 686 3299 manus
719 3235 795 3316 lava,
828 3235 939 3313 optime
972 3234 1098 3313 digeres.

175 3374 378 3431 2storschem.
451 3371 609 3428 doximeli.
683 3377 716 3426 10
735 3369 864 3441 accipiat.
934 3376 965 3424 12
986 3370 1098 3440 digeris.

84 3443 159 3520 reri]
177 3444 245 3501 vivi.
319 3450 351 3499 18
370 3443 496 3514 apprimo
516 3444 678 3499 Carnarius.
741 3457 928 3512 conquoquos.
997 3447 1032 3496 24
1050 3440 1101 3498 ubi

85 3532 137 3573 om.
209 3522 244 3572 29
263 3515 404 3586 senopidi·
422 3515 579 3585 pontiacae.
653 3519 690 3570 ad
707 3513 838 3586 degeres.
