2438 3802
476 172 629 237 —269
678 208 716 217 -

87 337 170 416 thes,
192 335 223 395 id
248 342 294 396 est
316 341 455 414 nepetae,
479 309 521 377 -ἕ
541 333 576 414 ll,
600 335 637 394 sil
660 335 828 414 pictorium,
851 335 973 413 piperis,
998 334 1104 414 sucini,

87 425 267 505 saxifragae,
294 423 482 504 petroselini,
511 425 625 504 cyperi,
654 421 814 501 zingiberis
842 423 946 482 uncias
973 421 1103 500 singulas

88 513 198 575 tundes
222 520 252 573 et
275 510 420 573 cribrabis
445 520 474 573 et
498 511 676 573 coclearium
700 510 821 590 plenum
847 529 916 571 cum
933 512 995 570 vini
1012 512 1103 570 mixta

89 612 121 664 et
143 601 237 664 calida
259 603 379 681 potione
403 602 503 661 ieiuno
526 601 688 662 bibendum
712 599 803 660 dabis.

59 712 73 752 a
177 690 222 750 Ad
241 689 386 751 calculum
406 690 572 750 remedium
591 692 700 750 mirum
719 691 775 750 sic:
798 687 954 768 Hederam,
973 705 1048 766 quae
1068 688 1156 748 in115

91 797 207 858 quercu
229 787 297 839 nata
316 779 415 857 fuerit,
437 778 607 839 vulnerabis
626 796 718 858 cupro
738 786 768 838 et
786 779 941 857 permittes
960 793 1104 856 umorem,

91 869 145 946 qui
166 866 235 927 inde
258 869 430 948 manaverit,
453 868 588 928 indurari
610 869 642 926 in
666 866 786 927 modum
805 867 978 946 gumminis3
1001 871 1105 944 postea

92 954 244 1016 sublatum
267 955 385 1017 condito
404 956 536 1016 resolves
555 965 585 1016 et
603 954 781 1016 admiscebis
800 963 831 1016 et
850 954 943 1035 bibes,
967 956 1105 1034 quotiens

90 1062 165 1106 usus
189 1047 328 1123 exegerit.
1173 1112 1176 1117 ¹

49 1155 77 1195 ro
181 1132 297 1194 Herbae
316 1133 447 1212 fysalidis
466 1133 554 1194 bacas
573 1141 674 1193 ternas
692 1151 746 1210 per
764 1133 898 1195 triduum
918 1132 1036 1210 gluttiat
1051 1133 1159 1210 quilla

90 1223 222 1282 vessicae
246 1221 359 1283 calculo
384 1221 503 1282 dolebit.
544 1221 661 1282 Herbae
683 1220 871 1281 Britannicae
892 1221 1009 1281 radices
1033 1231 1158 1280 con-117

91 1311 200 1372 tundes
230 1319 260 1371 et
288 1319 373 1371 terna
401 1310 531 1389 scripula
559 1329 595 1371 ex
619 1328 694 1389 aqua
718 1309 810 1370 calida
834 1308 982 1370 calculoso
1006 1309 1105 1368 ieiuno

84 1401 178 1478 ‚potui
199 1418 254 1479 per
276 1400 411 1460 triduum
435 1399 526 1460 dabis,
564 1398 706 1460 Eiusdem
729 1398 839 1458 herbae
862 1415 968 1458 sucum
987 1414 1106 1475 expres-

93 1507 160 1550 sum
182 1490 214 1548 in
238 1487 350 1567 duplici
372 1506 441 1548 vaso
469 1488 619 1567 decoquas
647 1489 687 1548 ita
715 1495 749 1548 ut
779 1489 844 1548 suci
871 1488 936 1547 eius
963 1484 1107 1546 naturalis

52 1597 79 1638 ro
94 1579 242 1638 sextarius
265 1577 325 1657 fiat,
349 1595 437 1656 quem
461 1595 529 1638 cum
552 1576 648 1637 mellis
671 1576 838 1655 despumati
860 1575 979 1636 hemina
1001 1576 1106 1634 misce·

92 1666 140 1726 bis
167 1674 197 1726 et
225 1673 328 1745 postea
355 1667 387 1725 in
411 1684 443 1726 se
467 1666 616 1744 decoquas
642 1673 672 1726 et
695 1683 764 1726 cum
787 1665 917 1726 colorem
940 1663 1107 1742 mutaverit,

92 1753 284 1833 refrigerabis
308 1763 397 1832 atque
420 1754 489 1815 inde
513 1754 645 1815 cocleare
669 1772 763 1814 unum
787 1773 823 1814 ex
846 1772 922 1832 aqua
948 1753 1053 1832 calida,
1082 1754 1107 1811 si

92 1843 284 1905 vehementer
307 1842 497 1923 febricitabit,
516 1842 664 1904 calculoso
682 1844 767 1922 potui
786 1841 878 1923 dabis,
900 1844 999 1902 statim
1019 1843 1108 1900 etiam

94 1930 187 1993 febris
215 1935 420 2012 extinguetur,
449 1933 475 1991 si
502 1950 572 1992 vero
601 1934 665 1991 sine
693 1930 770 1991 febri
794 1933 863 2011 erit,
892 1949 929 1990 ex
951 1932 1019 1990 vino
1043 1948 1107 1990 eam

52 2039 81 2080 so
96 2021 245 2098 potionem
270 2020 390 2081 debebit
413 2023 557 2099 accipere.

183 2109 228 2169 Ad
251 2113 369 2170 renium
393 2108 525 2170 dolorem
550 2108 743 2255 emplasssrum
767 2106 839 2168 utile
863 2109 920 2168 sic:
952 2107 1160 2186 duringiae118

95 2199 204 2258 veteris
227 2197 258 2258 P.
277 2199 317 2279 ll,
341 2200 452 2258 farinae
476 2195 507 2258 8
527 2197 549 2279 l,
572 2197 629 2257 olei
677 2195 730 2276 .l,
756 2214 842 2257 cerae
866 2195 1013 2256 selibram.
1055 2195 1108 2255 llis

94 2287 262 2366 liquefactis
290 2288 401 2348 adicies
433 2287 565 2367 sulpuris
596 2287 718 2346 contriti
750 2284 903 2367 selibram,
935 2287 1008 2345 nitri
1040 2303 1108 2345 con·

94 2377 160 2436 triti
183 2384 213 2436 et
236 2375 358 2436 cribrati
382 2376 530 2458 selibram,
549 2376 647 2436 omnia
669 2374 864 2453 permiscebis
891 2381 921 2435 et
939 2391 1108 2453 concoques

53 2481 80 2524 aa
95 2472 184 2542 atque
207 2464 276 2525 inde
300 2483 389 2525 renes
412 2464 590 2526 confricabis
613 2462 660 2524 vel
682 2482 766 2524 more
790 2463 945 2551 emplastri
968 2463 1108 2542 adpones.

95 2551 225 2613 Herbam
245 2552 383 2614 Sabinam
406 2556 437 2614 in
460 2557 600 2615 mortario
622 2562 702 2614 teres
722 2561 839 2613 etcum
859 2554 984 2631 axungia
1003 2559 1161 2613 veterane

95 2641 216 2720 subigas
240 2645 336 2703 etsie
359 2642 481 2704 renibus
504 2642 643 2721 adpones.

185 2730 230 2791 ld
253 2733 357 2791 urinae
376 2734 620 2792 incontinentiam
640 2730 805 2790 remedium
825 2732 882 2791 sic:
905 2728 1040 2789 Feniculi
1058 2741 1162 2790 νει-110

97 2819 193 2879 dicem
217 2828 248 2880 et
271 2820 472 2880 ramusculum
495 2821 559 2879 ervi
581 2819 731 2880 contunde
755 2825 786 2878 et
809 2837 844 2878 ex
866 2819 933 2877 vino
953 2825 1053 2877 vetere
1074 2818 1109 2877 da

55 2907 268 2990 cohibendum,
288 2910 429 2968 continuo
448 2906 635 2968 remediabis.
671 2905 793 2967 Urinam
812 2909 945 2967 continet
962 2905 1007 2966 lac
1027 2907 1162 2965 cani-121

98 3015 170 3058 num
198 3007 228 3057 et
256 2997 346 3075 adeps
374 2998 439 3057 eius
467 3014 536 3057 cum
563 2995 692 3056 alumine
716 2994 816 3076 datus,
843 2997 884 3056 ita
907 3002 941 3055 ut
964 2997 1004 3055 sit
1026 2993 1109 3054 fabae

98 3086 301 3165 magnitudine
325 3085 462 3164 globulus
485 3087 537 3164 qui
560 3084 655 3144 datur.
698 3083 779 3144 Ciuis
802 3083 970 3144 coclearum
993 3083 1163 3144 Africa-122

98 3192 205 3237 narum
229 3184 401 3236 exustarum
424 3177 449 3235 si
472 3181 601 3256 potetur,
624 3175 728 3234 urinae
752 3174 997 3234 incontinentiam
1019 3172 1110 3233 sedat.

99 3262 247 3325 Anserum
275 3266 368 3324 trium
394 3264 510 3343 linguas
537 3265 681 3324 inassatas
714 3263 740 3322 si
768 3263 835 3340 quis
862 3261 970 3342 ederit,
1002 3263 1106 3321 urinae
1115 3272 1165 3321 123

192 3405 206 3453 1
221 3398 281 3454 silis
295 3398 406 3469 pictorii
423 3398 584 3454 Carnarius.
645 3403 679 3451 10
693 3395 832 3452 fissalidis.
889 3402 921 3450 11
937 3395 1046 3449 calculo
1061 3410 1112 3448 om.

100 3470 262 3526 britanicae.
346 3475 379 3524 16
399 3470 528 3526 calorem.
611 3474 644 3523 18
662 3467 843 3523 febricitauit.
920 3472 954 3520 32
974 3463 1112 3534 globolus.

100 3540 168 3596 eicis
190 3540 365 3596 coclearium.
