2438 3802
487 135 727 201 -188—

102 306 191 377 atque
214 296 282 357 ideo
303 316 363 358 non
382 298 460 358 idom
480 297 618 358 omnibus
636 305 797 384 praestant,
816 315 885 358 cum
903 299 1028 358 interim
1047 297 1115 358 haec

103 388 228 448 mirifica
255 395 456 467 temperatura
484 389 648 466 composita
675 387 818 447 mirificos
846 386 972 446 effectus
1002 386 1116 447 habeat.

50 493 83 542 -a
192 475 276 537 Facit
294 494 364 536 vero
383 475 440 535 hoc
459 475 707 536 medicamentum
725 493 785 536 non
804 473 902 536 solum
915 474 954 535 ad
974 475 1118 536 stomachi

104 573 134 626 et
161 565 263 627 lateris
291 564 437 640 dolorem,
465 563 517 623 sed
546 567 634 624 etiarn
663 563 699 624 ad
721 563 807 642 plura
837 565 907 624 vitia
941 563 1117 644 efficaciter5

104 653 296 733 quamobrem
321 669 438 730 semper
456 651 627 712 habendum
641 660 687 713 est
701 653 907 732 compositum.
939 650 1138 714 Percurram⁵

104 752 202 802 autem
224 759 312 819 qnam
327 739 510 821 brevissime,
530 741 566 800 ad
582 758 657 820 quae
672 743 742 802 vitia
756 740 883 820 qualiter
897 739 1001 801 datum
1016 743 1118 823 prosit,

105 837 138 888 ut
161 831 245 888 etin
268 827 368 888 libello
392 830 457 888 eius
480 831 626 908 scriptum
650 836 696 890 est
719 837 750 890 et
772 847 826 908 ego
850 847 887 890 ex
908 847 1018 908 magna
1037 838 1118 910 parte

104 925 246 995 expertus
270 935 345 978 snm.

69 1023 85 1072 3
195 1004 284 1065 Sanat
308 1023 378 1084 ergo
402 1004 506 1066 morbo
530 1006 671 1067 comitiali
694 1014 858 1088 correptos,
883 1024 959 1085 quos
984 1005 1119 1086 epilepti-

105 1111 156 1153 cos
180 1093 286 1154 Graeci
308 1102 427 1176 vocant,
451 1103 481 1154 et
504 1095 646 1176 furiosos,
674 1113 750 1173 quos
772 1113 983 1156 maenomenos
1007 1095 1151 1156 dicunt1⁰

106 1182 180 1243 item
208 1191 292 1244 sanat
319 1183 428 1263 quibus
457 1183 556 1244 subito
584 1183 725 1244 tenebrae
750 1183 947 1245 obversantur
970 1185 1002 1244 in
1027 1184 1120 1246 oculis

106 1290 173 1332 cnm
198 1274 343 1352 vertigine
367 1272 503 1354 quadam,
526 1274 734 1333 scotomaticos
753 1273 808 1333 hos
831 1271 937 1333 Graeci
962 1272 1120 1354 appellant,

106 1379 161 1422 nec
189 1364 289 1423 minus
317 1362 431 1422 diutino
457 1363 604 1441 correptis
628 1363 733 1440 capitis
757 1360 871 1442 dolore,
899 1379 990 1440 quem
1013 1362 1121 1441 cepha·

106 1449 199 1510 laeam
223 1450 384 1532 appellant,
412 1450 535 1530 prodest
562 1450 629 1510 data
656 1449 787 1510 denariis
815 1449 932 1511 duobus
960 1468 998 1509 ex
1027 1468 1121 1531 aquae

106 1538 219 1599 mulsae
248 1539 361 1618 cyathis
390 1546 542 1618 quattuor,
571 1557 639 1599 cum
664 1541 783 1599 remissi
806 1539 931 1620 fuerint,
958 1546 989 1599 et
1013 1541 1042 1599 si
1066 1541 1154 1600 ire-1⁶

108 1635 247 1707 quenter,
275 1626 384 1706 quibus
412 1629 579 1688 necessaria
608 1636 667 1708 est,
695 1629 910 1708 corripientur,
939 1636 1009 1706 post
1037 1627 1122 1688 binas

107 1724 244 1777 ternasve
267 1717 454 1777 accessiones
477 1715 571 1776 danda
596 1717 661 1776 erit.
695 1715 775 1776 Haec
798 1716 947 1776 antidotos
970 1715 1058 1776 hiera
1082 1717 1123 1777 di·

108 1807 201 1886 citur3
223 1805 280 1866 hoc
304 1807 383 1866 enim
407 1822 515 1866 nomen
537 1804 644 1865 tribuit
667 1806 695 1864 ei
716 1814 840 1884 propter
859 1804 933 1864 duas
952 1822 1069 1886 causas,
1091 1813 1124 1866 ut

109 1895 259 1975 existimo;
282 1913 381 1976 unam,
405 1913 442 1955 ne
461 1912 570 1955 nomen
589 1896 654 1954 eius
672 1911 776 1954 verum
795 1893 920 1954 dicendo
940 1893 1123 1975 ostenderet,

108 2000 184 2060 qnae
208 1992 345 2044 esset-
360 1983 471 2045 dicitnr
494 1985 572 2044 enim
592 2001 608 2043 a
627 1981 804 2061 quibusdam
823 1983 914 2063 picra,
934 1984 1004 2060 quia
1023 1995 1159 2043 amaran

109 2080 162 2152 est,
187 2090 203 2132 a
227 2073 405 2152 quibusdam
428 2073 475 2134 dia
499 2071 721 2152 colocynthidos
742 2103 782 2114 -
802 2070 933 2151 alteram,
955 2071 1036 2149 quod
1055 2071 1123 2132 ideo

108 2160 236 2221 inditum
261 2171 315 2242 est,
339 2180 397 2240 quo
416 2163 510 2239 magis
529 2161 585 2222 sub
605 2167 685 2221 tanta
705 2161 804 2239 specie
823 2161 952 2220 nominis
971 2178 1124 2221 commen·

109 2249 193 2309 daret
220 2249 478 2309 medicamentum.
524 2249 582 2309 Sed
611 2251 637 2309 si
664 2249 752 2326 longo
781 2267 817 2309 ex
844 2247 999 2308 intervallo
1023 2266 1123 2310 acces·

110 2335 244 2396 sionibus
264 2353 353 2414 supra
373 2339 502 2416 scriptis,
526 2336 635 2415 quibus
653 2336 832 2398 medendum
852 2344 906 2417 est,
925 2335 1123 2419 vexabuntur,

108 2425 139 2481 in
163 2424 339 2482 remissione
362 2441 464 2483 earum
494 2431 524 2484 et
550 2425 581 2483 in
605 2424 661 2484 alio
685 2430 773 2502 atque
797 2425 854 2485 alio
878 2425 979 2486 dolore
1004 2428 1123 2506 saepius
1136 2439 1162 2481 2⁶

109 2509 238 2569 dandum
262 2513 320 2570 erit
342 2510 604 2592 medicamentum3
632 2513 673 2572 ita
700 2514 779 2572 enim
807 2523 858 2575 aut
881 2533 917 2575 ex
940 2521 1003 2574 toto
1028 2533 1123 2576 reme·

109 2597 240 2658 diabitur
263 2606 314 2658 ant
336 2607 418 2659 certe
441 2601 593 2660 minuetur
613 2603 743 2680 impetus
761 2603 901 2663 vitiorum
920 2610 950 2662 et
969 2603 1124 2665 sedabitur

109 2686 321 2766 intervallaque
345 2689 456 2748 maiora
475 2690 609 2768 accipiet.
642 2689 711 2751 Dari
730 2699 828 2751 autem
848 2689 998 2770 oportebit
1017 2709 1123 2753 secun·

110 2775 179 2837 dum
208 2778 414 2857 purgationem
442 2777 523 2860 bilis,
551 2797 618 2839 nam
647 2779 737 2841 fellita
766 2787 795 2839 et
819 2798 958 2858 spumosa
981 2788 1012 2840 et
1036 2780 1123 2860 gluti·

109 2884 181 2927 nosa
210 2867 342 2928 deiciunt
370 2869 422 2946 qui
449 2870 633 2950 acceperint,
661 2888 729 2930 cum
753 2870 886 2948 ptisanae
910 2886 1046 2930 cremore
1070 2877 1162 2931 aut³⁰

110 2975 178 3017 cum
201 2956 302 3018 holere
326 2956 384 3017 levi
407 2976 443 3017 ex
467 2960 563 3018 urtica
587 2966 616 3018 et
639 2958 755 3037 lapatho
781 2965 810 3017 et
833 2957 926 3017 malva
950 2957 1036 3018 facto.

73 3057 90 3105 4
198 3045 282 3108 Facit
308 3046 385 3106 bene
412 3046 485 3106 haec
514 3048 689 3126 compositio
717 3054 747 3105 et
773 3045 809 3104 ad
838 3047 1000 3124 suspirium
1031 3045 1123 3106 etad

109 3136 191 3193 vocis
214 3134 411 3195 abscisionem
435 3143 465 3194 et
488 3134 524 3193 ad
548 3133 661 3193 subitas
679 3132 915 3210 praefocationes
934 3152 969 3193 ex
990 3133 1124 3212 qualibet

109 3239 198 3282 cansa
217 3230 296 3283 ortas
315 3221 399 3283 etad
419 3239 480 3302 eos,
500 3222 551 3299 qui
570 3238 657 3299 saepe
676 3221 845 3282 existimant
864 3240 896 3282 se
916 3221 1123 3284 ab-incubone

199 3430 232 3478 21
256 3425 338 3480 aerim
360 3422 435 3491 quod
458 3421 521 3476 ideo
544 3421 665 3476 inditum
684 3424 740 3490 aab,
763 3440 833 3493 quoe
851 3427 928 3494 apud
945 3426 1123 3484 Scriboniam

109 3495 216 3561 derant,
234 3495 349 3550 delenda
367 3493 502 3549 ridentur.
575 3499 609 3548 33
627 3492 827 3551 abscissionem
847 3495 1005 3554 Omoemus.
