2438 3802
488 152 731 218 -155-

105 320 203 379 lacero
231 317 376 396 catapotia
404 316 617 395 magnitudinis
646 315 742 395 labae,
770 315 839 376 inde
867 323 951 376 terna
975 316 1021 377 vel
1047 335 1117 396 qua·

105 415 190 468 terna
212 407 243 466 in
265 413 385 466 noctem
408 404 454 464 vel
478 406 556 465 sicca
579 403 626 464 vel
649 422 684 463 ex
713 402 795 464 calda
824 422 900 483 aqua
928 404 1012 484 dare,
1042 423 1116 484 quae

105 495 190 556 etad
208 493 376 555 inflationes
395 492 653 572 distensionesque
674 511 743 552 cnm
761 510 855 571 aquae
873 492 984 553 calidae
1003 492 1116 572 cyathis

104 583 202 644 tribus
220 583 334 643 utiliter
348 581 465 642 dantur.
498 581 541 641 dd
557 599 621 641 eam
636 599 700 641 rem
714 582 868 642 remissior
883 581 1002 660 quidem
1017 581 1115 660 pastil·
1135 593 1152 640 s

76 671 165 752 slus,
193 671 246 732 sed
271 688 331 730 non
355 669 591 730 contemnendus
614 671 723 750 accipit
745 669 831 731 haec:
869 669 969 750 Croci,
992 688 1117 751 myrrae,

103 760 221 840 alterci,
248 761 309 838 opii
335 758 467 838 pondera
494 761 577 837 paria
604 767 727 819 contusa
753 761 918 819 miscentur
941 757 1116 837 despumato

104 849 203 909 Attico
223 847 311 928 melli,
334 848 410 907 fiunt
428 845 537 925 pastilli
556 847 690 907 eiusdem
709 847 859 927 ponderis,
880 854 914 907 ut
935 864 1025 926 supra
1045 850 1117 908 scri-

103 945 190 1015 ptum
213 943 273 1016 est,
296 935 405 996 dantur
428 937 509 996 iuxta
532 943 659 995 aetatem
682 943 713 995 et
735 937 814 995 vires
837 937 869 994 in
892 943 1024 1016 noctem3
1047 935 1117 997 licet

103 1034 134 1086 et
157 1025 227 1085 hinc
246 1025 391 1103 catapotia
410 1024 507 1084 lacere
526 1031 649 1102 propter
668 1023 790 1084 eandem
810 1042 930 1084 causam
950 1023 1036 1101 [utile
1056 1025 1117 1106 sit],

62 1130 89 1169 ro
103 1113 156 1175 sed
180 1121 253 1174 tunc
277 1131 370 1192 aquae
393 1112 452 1173 mel
475 1112 610 1173 adicitur.

161 1254 163 1257 ,
192 1200 331 1262 Pastillus
349 1201 386 1262 ad
405 1203 512 1262 tussim
536 1209 565 1261 et
588 1200 624 1261 ad
649 1203 823 1279 sanguinem
846 1202 1006 1260 reicientes
1029 1209 1060 1261 et
1080 1201 1116 1261 ad
1136 1213 1152 1262 6

103 1290 289 1352 stomachum
313 1289 443 1350 solutum
462 1288 615 1369 babentes,
638 1289 708 1351 lacit
730 1289 814 1349 etad
833 1288 1031 1348 deiectionem
1049 1307 1117 1348 ven-

103 1382 159 1440 tris
182 1386 212 1439 et
237 1381 349 1439 vesicae
374 1378 519 1457 dolorem,
543 1380 652 1457 accipit
674 1377 760 1438 haec:
787 1377 855 1456 Apii
881 1378 1003 1436 seminis
1026 1376 1052 1436 ll
1072 1376 1117 1457 Vl,

103 1485 189 1527 rosae
207 1467 347 1528 foliorum
365 1466 564 1527 arefactorum
582 1469 613 1527 in
632 1465 738 1528 umbra
756 1464 860 1546 llllll,
879 1483 995 1544 myrrae
1014 1464 1117 1546 xxn,

62 1570 90 1611 rs
105 1558 185 1616 croci
209 1554 306 1638 XXI,
335 1557 397 1634 opii
420 1554 526 1616 llllll.
572 1556 640 1634 Apri
667 1573 768 1616 semen
798 1560 828 1614 et
850 1572 972 1614 crocum
996 1562 1026 1614 et
1048 1553 1117 1614 folia

102 1662 188 1705 rosae
217 1643 443 1705 contunduntur
467 1643 710 1725 ominamurque,
738 1661 837 1722 myrra
864 1643 986 1722 teritur,
1015 1643 1117 1720 opium

103 1751 180 1812 aqua
203 1741 384 1814 maceratur,
413 1735 511 1793 omnia
535 1733 642 1793 deinde
666 1735 812 1793 inunum
837 1733 1013 1810 miscentur;
1041 1749 1116 1809 aqua

103 1822 216 1882 adiecta
240 1823 316 1882 fiunt
339 1821 448 1900 pastilli
471 1821 507 1881 ad
531 1822 647 1901 pondus
671 1821 786 1880 denarii
809 1821 942 1880 semissis
960 1826 1011 1879 aut
1029 1820 1118 1879 tertia

102 1917 187 1990 parte
216 1909 361 1989 detracta,
389 1909 497 1991 dantur
520 1909 705 1969 stomachum
732 1906 913 1968 imbecillum
938 1906 1117 1968 habentibus

61 2014 89 2054 ao
103 2007 134 2060 et
157 2001 332 2076 sanguinem
355 1997 549 2058 reicientibus
577 2016 613 2056 ex
638 2015 731 2076 aquae
760 1995 883 2074 frigidae
910 1995 1022 2075 cyathis
1047 1996 1117 2056 duo-

102 2087 168 2169 bus,
192 2089 300 2147 ceteris
323 2105 359 2146 ex
383 2085 494 2146 calidae
518 2085 642 2146 totidem
665 2083 779 2164 cyathis
801 2084 867 2144 dari
890 2083 986 2144 debet.

191 2175 329 2236 Pastillus
353 2194 388 2235 ex
413 2173 569 2254 odoribus,
597 2175 649 2252 qui
676 2172 753 2233 bene
776 2172 847 2232 facit
870 2172 906 2232 ad
930 2190 1048 2232 omnem
1070 2175 1151 2232 ini

101 2273 222 2325 ternum
245 2263 386 2344 dolorem,
410 2264 531 2342 proprie
555 2270 655 2322 autem
679 2261 716 2322 ad
738 2263 845 2322 tussim
868 2268 899 2321 et
916 2262 1048 2340 pectoris
1067 2261 1116 2322 de-

103 2351 293 2413 stillationem
318 2360 347 2412 et
371 2351 525 2412 oculorum
550 2351 721 2432 epiphoras,
746 2351 816 2411 lacit
839 2358 869 2410 ct
892 2350 928 2410 ad
952 2351 1117 2429 suspirium

62 2455 88 2497 as
103 2449 134 2502 et
157 2441 193 2501 ad
216 2441 318 2501 lateris
342 2440 475 2500 dolorem
502 2449 532 2501 et
561 2441 597 2501 ad
625 2440 783 2520 pthisicos,
806 2441 904 2500 vesica
928 2457 1048 2518 quoque
1071 2439 1117 2500 vel

102 2529 226 2590 renibus
249 2529 453 2589 laborantibus
477 2528 522 2588 vel
546 2531 720 2607 sanguinem
748 2529 785 2589 de
812 2530 899 2589 urina
922 2527 1116 2589 reddentibus

102 2636 172 2679 cum
195 2617 296 2678 dolore
319 2618 433 2678 utiliter
457 2617 557 2699 datur,
585 2621 694 2697 accipit
717 2617 803 2678 haec:
840 2617 988 2697 Cinnami,
1012 2621 1117 2696 casiae,

103 2709 193 2787 croci,
217 2706 403 2785 singulorum
426 2705 451 2765 ll
474 2717 586 2787 ternos,
614 2707 717 2766 alterci
739 2708 863 2766 seminis
887 2715 917 2766 et
939 2704 1116 2784 Apollinaris

102 2794 212 2855 herbae
236 2795 344 2855 radicis
368 2793 553 2872 singulorum
578 2793 604 2853 ll
623 2803 793 2874 quaternos,
816 2795 929 2871 piperis
947 2791 973 2852 ll
991 2792 1032 2873 ll,
1056 2796 1117 2872 opii

61 2897 88 2937 ao
104 2883 129 2943 ll
148 2881 188 2964 ll,
217 2885 293 2944 turis
318 2881 417 2961 lllll,
444 2881 530 2940 nardi
553 2883 652 2958 spicae
675 2880 701 2939 Χ
720 2880 755 2940 ll.
800 2879 875 2939 Vino
898 2879 1023 2940 Falerno
1047 2900 1116 2940 con-

103 2980 170 3032 tusa
194 2980 223 3032 et
246 2973 315 3032 trita
339 2970 426 3049 haec,
449 2976 483 3028 ut
506 2967 608 3046 debet,
632 2974 884 3047 consparguntur,
909 2967 986 3027 liunt
1007 2967 1117 3045 pastilli

102 3060 140 3121 ad
163 3060 281 3138 pondus
305 3059 330 3119 ll
352 3058 485 3119 semissis
510 3065 561 3118 aut
579 3058 667 3117 tertia
685 3062 770 3134 parte
789 3054 935 3134 detracta,
959 3055 1067 3115 dantur
1085 3057 1116 3116 in

102 3157 231 3230 noctem,
253 3157 343 3228 prout
365 3148 447 3225 aegri
469 3147 548 3207 vires
572 3153 651 3226 sunt,
674 3163 742 3205 cum
761 3160 854 3222 aquae
874 3140 985 3202 calidae
1004 3145 1117 3222 cyathis

102 3236 221 3298 duobus
244 3245 295 3297 aut
317 3235 423 3297 tribus.

175 3449 191 3498 9
210 3443 293 3498 oerba
311 3440 382 3497 utile
401 3441 439 3496 sit
455 3456 513 3496 non
529 3445 596 3496 mmt
613 3440 691 3508 apud
709 3438 833 3495 Scribere.
888 3445 920 3494 19
940 3437 1127 3494 imbicillcm.

102 3520 137 3570 22
156 3513 302 3584 postellus.
374 3517 408 3567 25
425 3511 559 3582 phisioos.
632 3516 670 3568 28
687 3509 864 3584 apolenaris.
