2438 3802
475 147 689 210 „49-

75 311 206 389 linguam
234 309 331 391 bovis,
364 309 454 370 addes
483 312 571 370 etiam
595 329 680 370 rosae
703 311 866 392 heminam3
894 311 967 373 haec
991 316 1109 374 omnia·

76 403 107 460 in
127 399 213 459 ollam
233 401 347 480 mittes,
366 406 520 477 praeterea
540 399 629 458 addes
649 399 840 460 lurfuriculas
859 403 890 460 in
910 400 1001 461 linteo
1020 402 1088 481 liga·

76 498 121 550 tas
145 487 181 548 ad
205 488 275 567 boc,
299 495 333 547 ut
356 487 582 548 amaritudinem
606 487 715 548 herbae
740 487 882 549 deliniant
909 497 938 549 et
962 492 1004 550 sic
1028 491 1088 551 lur-

76 575 220 637 furiculae
245 579 326 654 ipsae
345 578 376 636 iu
396 575 523 636 saccello.
541 575 741 655 combulliaut,
765 577 837 637 haec
857 579 954 637 omnia
973 578 1009 638 ad
1031 587 1089 639 ter-

49 668 134 726 stias
162 665 312 743 decoquas
342 673 372 724 et
399 664 532 742 tepidum
563 664 768 743 gargarizabis.
814 665 1089 745 Experimentatum
1110 681 1143 729 18

77 753 241 814 remedium
275 753 431 813 adversum
464 755 651 832 ingruentem
689 762 852 836 catarrum,
886 763 920 816 ut
953 773 1026 816 cena
1059 763 1089 816 te

78 842 225 902 abstineas
249 849 279 903 et
302 841 338 902 ab
364 839 466 902 holere
490 849 559 913 eta
586 841 676 903 rebus
705 842 791 903 salsis
819 852 849 904 et
876 843 1088 925 liquamincsis‚

78 948 147 990 nam
171 930 366 1009 indigestione
390 929 450 990 cibi
474 938 504 990 et
526 932 595 990 vitio
616 931 771 1014 cruditatis
790 934 923 993 nascitur
941 943 1088 1014 catarrus3

78 1018 286 1080 abstinendum
310 1037 379 1079 sane
403 1026 471 1078 ante
495 1021 592 1078 omnia
616 1019 776 1098 pinguibus
799 1020 882 1082 cibis.
921 1021 979 1082 Sed
1003 1023 1089 1084 side

36 1128 64 1170 1o
78 1108 270 1187 perfrictione
305 1108 395 1168 luerit
431 1117 578 1188 catanus,
617 1107 807 1169 caldamentis
844 1109 984 1170 adhibitis
1021 1110 1088 1171 ilico

79 1199 225 1275 sopietur:
249 1196 328 1274 quod
353 1199 378 1256 si
402 1196 438 1256 de
462 1196 623 1276 cruditate,
646 1196 812 1275 placabitur
834 1197 883 1258 illa
906 1217 939 1258 re
963 1198 1033 1279 sola,
1057 1209 1090 1259 ut

78 1303 137 1344 non
161 1293 299 1366 cenetur,
323 1285 416 1345 donec
440 1287 559 1364 penitus
577 1284 675 1345 fluxus
695 1288 759 1345 eius
779 1295 905 1366 arescat3
930 1304 999 1346 cum
1022 1286 1090 1347 sub·

80 1376 201 1434 strictus
226 1374 329 1453 luerit,
358 1373 393 1434 ad
418 1373 664 1434 consuetudinem
688 1373 813 1434 cenandi
836 1376 1005 1434 reverteris.
1046 1375 1090 1436 hd
1112 1389 1143 1437 19

80 1469 227 1522 catarrum
246 1461 501 1541 restringendum:
533 1462 625 1540 Sapae
647 1460 781 1522 heminas
804 1469 866 1523 tres
890 1470 920 1522 et
943 1467 1090 1524 satureiae

38 1573 65 1613 15
80 1551 254 1611 fasciculum
278 1561 307 1611 et
330 1551 436 1630 hysopi
457 1551 639 1630 aliquantum
658 1551 773 1611 fervere
793 1551 881 1612 simul
900 1552 1000 1632 iacies,
1020 1571 1090 1631 quo·

79 1634 267 1718 nsque'inde
292 1642 439 1700 sextarius
462 1641 521 1721 fiat,
545 1647 574 1700 et
598 1641 641 1700 sic
664 1639 896 1718 gargarizabitur
920 1649 966 1701 ter
989 1643 1019 1701 in
1043 1641 1091 1701 die

80 1731 110 1787 in
139 1728 202 1788 loco
232 1728 331 1806 tepido
360 1737 410 1788 aut
438 1727 473 1788 ad
503 1728 595 1790 solem
622 1739 711 1808 atque
739 1729 795 1790 hoc
824 1738 883 1790 tam
912 1729 964 1790 diu
992 1730 1091 1811 iacies,

81 1815 174 1876 donec
197 1816 367 1877 inhibeatur
390 1819 486 1877 omnis
510 1826 657 1897 catarrus,
685 1826 773 1896 atque
796 1817 854 1878 illis
877 1818 996 1894 diebus,
1027 1821 1090 1898 qui-

80 1904 137 1965 bus
161 1908 334 1986 gargarizas,
359 1905 522 1966 abstinebis
545 1905 706 1983 liquamine
730 1914 760 1965 et
782 1906 884 1966 holere
904 1917 934 1967 et
952 1907 1038 1967 salsis
1057 1926 1091 1968 ac

38 2015 65 2054 so
79 1993 240 2073 pinguibus
260 1994 342 2054 cibis.
373 1994 416 2054 nd
439 2003 588 2055 catarrum
611 1994 853 2070 restringendum
872 1996 1004 2072 quinque
1025 2013 1090 2073 par·
1109 2007 1145 2055 ao

79 2092 125 2142 tes
153 2085 214 2142 vini
242 2093 271 2143 et
299 2092 412 2143 sextam
440 2081 535 2142 mellis
563 2081 703 2142 miscebis
732 2099 766 2142 ac
799 2083 958 2160 tepefacies
991 2091 1020 2142 et
1048 2085 1091 2142 sic

79 2171 284 2250 gargarizabis.

511 2275 590 2337 CAP.
615 2275 659 2336 Vl.

93 2389 262 2460 Alopeciis
285 2393 320 2444 et
342 2389 441 2445 tineis
464 2392 499 2445 et
522 2389 644 2460 capillo
666 2389 787 2446 fluenti
810 2392 914 2459 atque
935 2389 1078 2447 infirmo.

169 2525 277 2606 Herba,
301 2545 375 2611 quae
400 2526 509 2588 dicitur
532 2527 731 2588 trichomanes
756 2527 800 2588 vel
819 2528 967 2608 adianton,
991 2527 1093 2589 eadem
1113 2541 1126 2587 1

81 2622 111 2674 et
135 2614 314 2675 callitriches
338 2615 515 2694 appellatur,
545 2626 668 2677 contusa
697 2625 727 2678 et
756 2635 823 2677 cum
852 2617 916 2678 oleo
940 2616 1024 2677 inlita
1048 2615 1093 2677 vel

40 2722 66 2762 ss
81 2706 196 2764 incocta
216 2703 362 2782 alopecias
381 2704 466 2766 facile
486 2713 578 2766 curat.
610 2705 687 2784 Cepe
707 2705 836 2786 longum,
856 2705 935 2785 quod
955 2708 1128 2784 ceputiust

81 2794 264 2873 nominatur,
293 2811 384 2871 super
412 2794 558 2872 alopecias
585 2796 674 2853 terito
702 2794 889 2874 frequenter,
924 2812 982 2872 quo
1015 2795 1092 2854 lacto

80 2880 202 2960 capillos
227 2884 372 2942 maturius
396 2879 546 2940 excitabis.
584 2879 675 2939 Nucis
699 2884 837 2960 escariae,
861 2881 891 2940 id
916 2889 962 2940 est
981 2881 1092 2958 iuglan·
1113 2895 1128 2942 3

80 2970 140 3050 dis,
169 2978 244 3030 testa
268 2979 392 3031 contusa
417 2967 460 3027 vel
488 2965 642 3027 combusta
666 2976 696 3027 et
719 2969 886 3027 minutatim
911 2969 981 3027 trita
1004 2976 1093 3046 atque
1113 2981 1130 3028 4

81 3059 196 3120 adiecto
221 3059 286 3120 cleo
311 3059 438 3137 inposita
461 3057 608 3117 inlautum
631 3054 771 3133 alopeciis
795 3053 893 3132 capilh
920 3064 1129 3117 nascamus

41 3147 232 3208 aolnlantum
261 3148 459 3226 alopeciarum
488 3147 557 3205 vitia
585 3145 740 3204 anserinae
773 3141 868 3220 adipis
900 3143 1131 3221 perfrictiones

83 3237 270 3316 supplentur.
308 3234 544 3295 Gallinaceorum
568 3242 684 3294 stercus
708 3250 777 3293 cum
796 3230 860 3292 oleo
880 3238 1008 3310 utroque
1028 3249 1094 3310 per·

83 3328 207 3386 mixtum
231 3325 370 3402 alopeciis
395 3323 466 3385 utile
491 3330 544 3383 est.
588 3322 683 3402 ddeps
708 3323 809 3382 ursina
828 3339 896 3382 eum
916 3320 1024 3403 fungis,
1044 3321 1095 3398 qui

82 3417 113 3473 in
133 3414 240 3493 lychno
260 3413 398 3473 lucernae
418 3422 623 3487 concrescunt,
643 3411 765 3472 subacta
784 3420 814 3472 et
832 3410 971 3490 alopeciis
987 3427 1094 3490 perun-

83 3505 182 3562 ctione
206 3503 335 3581 inposita
357 3504 483 3580 pristino
507 3501 610 3564 decori
632 3509 724 3584 caput
743 3508 886 3564 reuocato
910 3501 1000 3560 erius
1018 3499 1115 3559 rests-

136 3611 295 3666 Maroneus,
310 3623 350 3654 un.
365 3615 526 3659 Hnnusmcu.
952 3607 973 3655 bt
