2438 3802
481 154 718 217 -237-

92 319 143 379 ubi
171 318 208 378 de
235 316 351 396 pecude
375 314 510 376 sublatus
534 316 638 396 luerit,
664 334 756 394 super
778 316 886 377 lienem
909 317 1038 378 hominis
1061 321 1104 378 in-

91 409 207 487 positus
226 413 255 466 et
275 405 410 483 alligatus
429 407 504 465 mire
523 403 656 464 dolorem
675 407 753 464 intra
772 423 883 483 paucos
903 405 966 466 dies
981 408 1105 488 auferet,

92 499 118 557 si
136 502 240 575 postea
259 495 295 554 ad
314 495 429 553 fumum
449 493 657 574 suspendatur,
676 501 710 553 ut
723 493 784 554 illic
799 502 922 555 arescat.
954 493 1106 556 Haedinus
1125 507 1158 556 33

93 603 163 645 vero
186 583 246 644 lien
269 581 408 643 similiter
431 590 465 642 ut
488 581 623 641 hircinus
647 600 737 661 super
761 582 894 662 splenem
917 583 1038 644 infantis
1057 584 1105 643 ad-

64 676 209 752 apositus
232 679 262 733 et
287 681 418 732 tumores
443 677 473 730 et
495 670 628 730 dolorem
652 673 717 730 eius
741 671 917 732 emendabit.

180 762 204 821 A
232 761 310 820 lanio
337 759 446 819 lienem
474 758 560 819 rituli
589 761 692 838 quanti
718 759 846 821 voluerit
874 778 954 820 emes
978 779 1105 840 eumque
1125 772 1160 820 34

90 850 222 910 medium
245 847 399 909 exsecabis
418 849 543 907 servatis
564 849 690 927 integris
709 850 774 909 eius
793 849 945 929 lateribus,
969 857 1003 910 ut
1021 850 1105 910 undi-

91 957 150 1018 que
169 939 365 1016 contineatur,
384 944 473 1015 atque
492 955 570 1016 eum,
589 939 642 1015 qui
656 936 735 996 dolet
750 937 892 1018 splenem,
910 940 941 997 in
955 937 1104 999 balineum

90 1029 184 1088 duces
207 1034 238 1086 et
260 1044 315 1104 per
337 1025 464 1085 mediam
489 1027 651 1086 scissuram
673 1025 753 1086 illius
776 1026 863 1086 lienis
886 1045 902 1086 a
926 1030 1021 1106 capite
1041 1046 1106 1088 cor·

52 1135 77 1173 1o
91 1135 148 1195 pus
172 1117 238 1176 eius
261 1133 349 1175 omne
373 1116 550 1194 summittes,
573 1116 614 1174 ita
637 1122 671 1174 ut
694 1133 790 1193 usque
813 1115 849 1175 ad
868 1115 959 1195 pedes
977 1116 1037 1175 lien
1057 1117 1105 1176 de-

92 1205 184 1284 oidat3
208 1203 399 1282 postmodum
422 1205 521 1282 ipsum
545 1203 654 1263 lienem
676 1205 708 1263 in
731 1203 812 1263 fumo
833 1203 998 1282 suspendes
1018 1214 1106 1283 atque

92 1294 210 1354 arefieri
237 1293 341 1370 lacies3
375 1310 434 1370 quo
465 1291 542 1352 facto
573 1309 641 1352 cum
672 1291 840 1352 tumoribus
871 1294 959 1352 etiam
988 1291 1106 1352 dolores

92 1382 179 1442 lienis
201 1384 240 1462 is,
269 1383 320 1441 cui
342 1379 525 1461 medeberis,
553 1380 652 1440 sedari
677 1383 786 1440 sentiet
809 1382 949 1459 omnique
972 1380 1106 1442 molestia

92 1473 151 1532 cilo
174 1468 359 1531 liberabitur.

51 1575 78 1616 13
180 1559 270 1619 Ebuli
293 1557 432 1638 radicem,
457 1575 544 1636 quam
569 1559 632 1618 sine
656 1557 737 1618 ferro
761 1557 877 1639 evellas,
901 1559 1014 1618 aridam
1037 1577 1106 1619 con·
1125 1569 1160 1617 35

92 1657 191 1709 tusam
218 1646 391 1726 etpollinis
414 1646 501 1706 modo
526 1645 684 1707 cribratam
707 1665 848 1728 repones,
876 1648 945 1707 inde
969 1647 1106 1708 cocliaria

92 1739 150 1797 tria
173 1755 210 1797 ex
232 1738 294 1796 vini
317 1734 431 1814 cyathis
450 1734 547 1795 tribus
566 1737 598 1795 in
617 1735 718 1796 limine
738 1744 820 1796 stans
840 1745 943 1797 contra
962 1739 1107 1796 orientem

93 1843 147 1904 per
171 1824 304 1885 triduum
328 1823 421 1883 bibito
445 1825 574 1905 ieiunus,
597 1824 650 1884 sed
674 1827 794 1885 omnino
819 1825 952 1905 observa,
975 1844 1012 1885 ne
1037 1825 1107 1886 ebu-

93 1914 156 1973 lum
179 1913 258 1973 lerro
282 1915 471 1991 contingatur
490 1920 542 1973 aut
561 1931 599 1973 ne
617 1914 691 1993 ipse,
710 1914 781 1974 dum
800 1913 965 1974 remedium
986 1916 1106 1994 accipis,

52 2018 80 2058 oo
94 2003 207 2062 ferrum
229 2010 330 2062 tecum
352 2001 470 2061 habeas.

181 2090 271 2151 Ebuli
297 2090 385 2150 bacas
413 2097 599 2169 permaturas
627 2092 760 2169 exprime
788 2099 876 2170 atque
905 2109 941 2150 ex
969 2110 1004 2151 eo
1035 2110 1107 2152 suco
1126 2100 1160 2148 33

92 2182 156 2240 viro
179 2182 237 2240 tria
261 2179 399 2239 cocliaria
421 2179 457 2239 ad
481 2179 560 2239 diem
584 2179 619 2239 da
642 2178 784 2260 bibenda,
807 2178 927 2239 mulieri
950 2179 1024 2260 duo,
1048 2199 1107 2258 quo

93 2277 212 2348 sumpto
242 2268 350 2328 deiciet
377 2286 432 2346 per
454 2275 589 2328 ventrem
612 2269 706 2328 instar
730 2269 896 2349 sanguinis3
924 2275 988 2329 tum
1015 2271 1107 2329 inter·

92 2361 170 2418 13313
198 2357 298 2417 triduo
326 2375 447 2417 rursum
471 2356 555 2417 dabis
584 2364 614 2417 et
639 2356 789 2436 perhaeo
813 2357 966 2417 1313313113
989 2367 1108 2437 repetes

53 2460 80 2501 25
95 2446 191 2506 dando
215 2448 375 2526 potionem,
399 2445 493 2506 donec
514 2463 670 2527 persanes3
694 2447 720 2505 si
739 2454 862 2525 propter
881 2447 1109 2508 amaritudinem

95 2535 191 2596 solum
219 2553 325 2595 sucum
352 2534 472 2594 haurire
501 2553 561 2594 non
588 2537 733 2616 potuerit,
761 2536 935 2597 tantundem
965 2538 1026 2596 vini
1058 2545 1108 2597 aut

94 2623 237 2703 oxymelis
259 2622 390 2701 augebis,

86 2754 93 2777 t
183 2713 268 2773 Aceti
295 2711 424 2772 scillitiei
452 2711 590 2790 cyathum
619 2730 724 2792 unum,
752 2712 848 2772 3131113
875 2712 966 2772 Attici
994 2705 1162 2798 941137

95 2802 260 2861 vettonicae
289 2808 394 2860 tunsae
422 2799 567 2859 cribratae
597 2792 701 2883 2111
730 2801 762 2859 13
791 2818 882 2859 33313
911 2800 1050 2859 miscebis
1079 2809 1109 2860 et

55 2906 82 2946 eo
97 2888 206 2949 adicies
230 2906 336 2969 aquam
360 2886 484 2947 calidam
506 2895 536 2947 et
555 2885 638 2946 dabis
657 2889 757 2946 ieiuno
776 2905 830 2965 per
849 2886 982 2946 triduum
1002 2887 1109 2964 spleni-

96 2980 155 3038 tico
178 2981 339 3057 potionem.

185 3067 304 3127 Lotinm
328 3067 401 3145 eius,
425 3065 476 3143 qui
501 3061 634 3141 splenem
657 3061 745 3141 dolet,
770 3063 907 3140 quotiens
931 3063 1049 3121 ruinam
1069 3063 1109 3122 fe·
1129 3073 1163 3122 38

97 3157 181 3236 cerit,
201 3155 306 3233 collige
325 3162 355 3214 et
375 3156 505 3214 cinerem
525 3152 646 3212 deloco
666 3149 829 3211 cribratum
848 3152 879 3209 in
899 3168 991 3210 unum
1006 3150 1110 3230 subige

188 3313 221 3362 10
257 3307 293 3360 ad
324 3307 423 3378 pedes]
452 3308 486 3361 ab
513 3307 557 3361 1113
583 3305 724 3360 vocabulis
759 3305 843 3360 331133
873 3320 972 3359 rursus
1001 3305 1110 3375 incipit.

100 3384 133 3432 18
154 3378 298 3433 nebulum:
323 3377 422 3433 ebulus
447 3377 607 3433 Oorocriue.
680 3382 713 3429 21
739 3374 839 3430 3311311.
919 3381 952 3430 27
972 3375 1110 3431 3111133113.

98 3449 257 3506 2833111111.
330 3449 539 3504 29131331333.
613 3447 770 3503 32311333.
840 3451 873 3501 33
893 3462 1020 3502 canerem
1039 3449 1073 3502 de
1091 3449 1113 3501 f.

98 3518 253 3576 cribratam
272 3521 341 3591 (313),
360 3521 406 3576 sed
423 3520 577 3575 inductum.
