2438 3802
441 152 717 217 -349-

57 325 194 396 serpunt,
222 315 290 376 felle
318 333 432 393 apruno
461 332 528 375 cum
556 315 654 374 resina
684 323 713 373 et
741 331 862 374 cerussa
886 316 977 374 mixto
1002 316 1066 374 sine

57 404 231 467 diffictdtate
255 410 405 464 sanantur.
436 401 509 463 Ossa
534 421 568 463 ex
592 402 719 462 maxillis
738 404 803 480 apri
820 401 866 461 vel
885 403 947 462 suis
967 402 1065 462 dome·
1085 411 1101 460 6

57 496 124 556 stici
145 501 274 554 uruntur
293 491 452 570 ulceraque
467 493 634 569 perniciosa
649 508 772 551 crurum
786 489 835 551 illo
851 491 951 550 cinere
966 508 1066 574 asper-

54 591 175 662 guntur.
212 580 314 641 Fimus
338 598 488 658 caprunus
511 581 542 640 in
566 587 649 640 aceto
673 579 850 640 fervefactus
874 587 904 638 et
923 578 1066 639 subactus
1086 586 1101 634 't

28 673 217 751 sinponitur‚
241 687 299 748 quo
324 670 422 728 omnia
445 667 548 728 talium
572 667 671 729 ulcera
695 668 828 728 locorum
852 675 1017 746 purgantur
1037 676 1066 728 et

56 767 262 838 persanantur,
286 757 394 835 butyro
418 755 529 816 bubulo
553 774 622 816 cum
645 756 710 816 oleo
735 759 857 835 cyprino
881 763 932 816 aut
950 755 1066 816 laurino

55 846 244 927 postmodum
267 845 375 906 addito.

145 933 265 995 Variees
288 952 325 994 ne
349 940 518 1009 nascantur,
543 932 669 992 lacertae
693 935 836 1010 sanguine
861 951 949 994 crura
972 952 1065 1013 puero
1085 939 1101 987 8

56 1024 175 1084 ieiunus
194 1023 298 1104 inline3
321 1025 353 1082 in
371 1029 468 1082 totum
492 1020 605 1082 carebit
627 1021 682 1080 hac
705 1020 853 1082 foeditate.
889 1021 934 1081 Ad
953 1025 1066 1083 varices
1085 1029 1101 1076 9

16 1130 43 1170 ιο
57 1111 210 1172 siccandas
234 1113 296 1172 sevi
318 1110 429 1171 hircini
451 1109 481 1169 P.
500 1108 526 1189 l,
554 1111 673 1187 saponis
696 1108 727 1169 P.
746 1108 759 1168 l
786 1112 816 1169 in
845 1127 938 1170 unum
961 1113 1066 1171 misee-

56 1200 103 1259 bis
126 1209 156 1260 et
179 1199 299 1259 linteolo
318 1199 436 1260 inlitum
454 1198 638 1258 medicamen
657 1197 795 1276 adpones.
832 1197 898 1257 Tali
916 1204 968 1257 aut
986 1199 1066 1277 plan·
1087 1204 1120 1253 10

56 1298 103 1348 tae
128 1290 154 1347 si
176 1286 347 1368 tumebant,
374 1295 409 1347 ut
431 1289 495 1347 sine
518 1287 599 1346 lerro
623 1293 778 1365 sanentur,
805 1285 940 1345 frondem
963 1288 1066 1346 vineae

56 1375 182 1436 viridem
201 1394 235 1436 ae
253 1383 387 1436 teneram
405 1394 481 1454 aqua
500 1375 626 1435 ferventi
644 1374 814 1453 perfundito
829 1380 1066 1453 maceratamque

56 1466 203 1524 conterite
218 1472 248 1524 et
262 1465 478 1542 superpositam
493 1463 647 1543 conligato.
670 1462 791 1523 Muscus
804 1463 957 1540 aquaticus
967 1464 1066 1522 virens
1087 1468 1119 1517 11

14 1570 41 1612 15
56 1571 92 1613 ex
116 1552 181 1612 oleo
204 1555 295 1614 tritus
317 1554 524 1632 inpositusque
548 1570 616 1612 cum
639 1551 731 1612 linteo
754 1558 902 1612 tumorem
921 1550 1066 1611 dolorem·

56 1659 114 1720 que
132 1640 300 1720 plantarum
318 1641 505 1720 telorumque
524 1642 686 1719 conpescit.
712 1639 814 1700 Limus
829 1640 983 1718 aquaticus
997 1658 1065 1700 cum
1087 1645 1119 1693 12

55 1729 120 1788 oleo
145 1729 286 1790 subactus
309 1737 340 1790 et
362 1729 515 1809 adpositus
538 1728 743 1808 principaliter
766 1727 937 1788 huiusmodi
955 1731 1067 1788 tumori

56 1835 91 1875 ac
114 1816 265 1877 doloribus
284 1817 414 1896 prodest.
451 1817 553 1878 Fimus
572 1835 704 1896 aprunus
723 1818 754 1876 in
772 1823 856 1876 aceto
876 1815 1017 1878 decoetus
1036 1825 1066 1877 et
1086 1822 1118 1871 13

56 1922 124 1964 eum
152 1904 239 1964 melle
268 1904 409 1966 subactus
431 1907 638 1984 inpositusque
662 1905 770 1984 plantis
794 1904 840 1965 vel
862 1904 929 1964 talis
952 1908 1066 1984 mitigat

13 2011 42 2052 20
57 2010 161 2051 eorum
185 1992 310 2052 dolores

145 2079 343 2141 Pernionibus
371 2088 401 2141 et
423 2084 520 2161 ruptis
542 2081 669 2160 pedibus
691 2082 792 2161 pulmo
816 2083 960 2142 arietinus
983 2085 1066 2162 inpo·
1086 2088 1120 2136 14

57 2171 133 2229 situs
156 2170 237 2228 omni
260 2171 419 2248 asperitate
437 2169 562 2248 levigata
579 2170 744 2231 molestiam
764 2169 847 2231 tollit.
881 2170 988 2232 Cancri
1006 2189 1066 2232 ma·
1087 2176 1118 2226 15

56 2259 115 2317 rini
143 2276 178 2318 ex
206 2257 271 2319 oleo
300 2259 422 2336 inpositi
448 2259 643 2337 pernionibus
666 2259 780 2321 utiliter
803 2267 943 2339 prosunt,
968 2261 1009 2320 ita
1032 2269 1066 2320 ut

56 2346 212 2407 foveantur
235 2365 320 2429 aqua,
342 2349 374 2408 in
398 2366 455 2428 qua
479 2365 582 2408 ervum
603 2348 769 2410 discoctum
788 2356 841 2409 est
875 2347 1118 2410 Gliriumvel1c

14 2451 41 2493 ss
57 2437 186 2496 soricum
216 2435 262 2496 vel
288 2438 433 2498 vermium
458 2444 647 2499 terrenorum
671 2439 747 2498 cinis
770 2456 806 2498 ex
830 2436 894 2498 oleo
917 2439 1066 2518 inpositus

54 2523 249 2602 pernionibus
272 2526 416 2589 medetur.
945 2555 946 2559 ¹

144 2612 325 2691 Coclearum,
349 2632 424 2692 quae
448 2614 544 2674 nudae
568 2615 769 2693 inveniuntur,
793 2622 964 2675 exustarum
988 2617 1117 2675 cinis1't

55 2717 172 2758 omnem
197 2699 446 2760 exulcerationem
469 2701 579 2778 pedum
603 2710 695 2761 sanat.

144 2786 277 2861 signinus
300 2784 400 2863 pulmo
423 2785 470 2845 rel
488 2788 633 2846 arietinus
651 2789 750 2847 uritur
770 2795 802 2847 et
819 2789 894 2847 cinis
913 2790 977 2848 eius
996 2807 1064 2849 cum
1085 2794 1117 2843 18

13 2871 121 2935 acoleo
144 2873 298 2949 inponitur
320 2871 368 2930 vel
389 2873 453 2948 ipse
476 2872 589 2932 crudus
607 2872 743 2933 admotus
761 2875 939 2952 pernionum
958 2873 1064 2933 ulceri·

55 2960 112 3020 bus
136 2958 249 3019 utiliter
272 2957 415 3037 alligatur.

144 3047 220 3106 Fimi
243 3047 417 3125 gallinarum
440 3045 485 3107 vel
504 3045 666 3108 columbini
684 3049 760 3108 einis
779 3067 815 3109 ex
834 3048 898 3109 oleo
917 3050 1064 3127 inpositus
1085 3057 1117 3106 19

55 3135 155 3197 ulcera
178 3135 287 3214 pedum
311 3143 404 3199 curat.

144 3224 254 3285 [lentes
269 3223 404 3286 caballini
418 3226 500 3285 tunsi
515 3223 614 3286 ulcera
628 3227 815 3307 pernionum,
834 3228 860 3287 si
875 3227 934 3287 sint
948 3225 1064 3307 tumidi,
1084 3237 1118 3286 20

144 3360 267 3414 timos.
341 3358 496 3416 elaurino.
571 3367 606 3419 to
623 3361 821 3432 latiarumque.
883 3368 925 3415 xis
941 3358 1099 3409 basim*-

53 3434 90 3481 20
107 3428 255 3485 doloribus.
336 3435 371 3486 24
388 3431 420 3488 in
439 3450 499 3506 qua
517 3451 572 3496 otn.
667 3442 707 3495 Ἡ)
727 3434 876 3492 entium,
956 3431 1001 3479 ‘ut
1014 3422 1123 3471 imm.

43 3502 78 3548 34
97 3498 244 3556 ulceribus.
