2438 3802
516 124 736 188 -90-„

122 292 231 350 simum
254 289 375 350 redacta
398 307 473 368 aqua
497 287 618 366 pluviali
640 287 761 365 eoIIIges
787 294 818 346 et
840 286 959 366 collyria
982 287 1052 348 inde
1076 289 1135 348 lor-

69 378 229 459 195mabis,
253 381 377 458 quaein
398 377 502 439 umbra
522 378 680 437 siccentur.
717 373 877 455 Collyrium
896 379 1015 437 nomine
1034 395 1135 438 mone·

121 486 225 529 meren
250 468 320 528 lacit
344 467 379 528 ad
403 469 533 545 impetus
555 465 742 544 lippitudinis
766 483 802 524 ex
826 483 880 524 ovo
904 467 1070 545 inunctum,
1093 467 1135 527 ita

121 566 155 619 ut
174 575 242 618 eum
262 558 309 616 ovi
328 555 526 634 liquidissimo
545 556 701 614 inunxeris
720 553 902 633 lippientem,
925 553 1067 634 pusillum
1087 573 1136 614 su-

121 649 230 707 stineat
258 653 288 704 et
315 647 424 704 iterum
452 661 520 702 eum
548 645 710 724 inungues3
738 661 826 722 quem
853 643 991 703 cumbis
1015 651 1163 704 auttera

121 736 290 811 inunxeris,
314 732 416 793 eadem
440 732 487 791 die
510 731 628 791 iubebis
651 731 750 792 lavari.
796 731 858 791 Hoc
886 731 1042 811 collyrium
1065 732 1137 792 lacit

122 823 157 882 ad
182 821 400 883 scabritudines
423 830 453 880 et
476 819 625 881 diatheses
648 821 792 881 tollendas
815 839 851 880 ex
875 838 950 899 aqua
969 823 1137 902 inunctum,

121 913 230 988 recipit
249 917 347 970 autem
366 908 453 969 haec:
476 908 596 988 Lapidis
619 909 786 970 haematitis
805 907 831 968 X
849 907 912 988 XII,
931 908 1137 988 pompholygis

122 998 148 1059 X
167 998 230 1079 XII,
254 1001 335 1059 croci
358 997 384 1057 X
403 997 465 1078 XII,
488 1016 605 1076 myrrae
629 997 654 1057 X
674 995 736 1076 XII,
760 1000 837 1058 aeris
861 1000 922 1057 usti
941 996 1027 1078 XVI,
1050 998 1138 1058 nardi

122 1089 235 1168 Syriaci
259 1087 284 1146 X
304 1086 367 1167 XII,
389 1089 502 1166 piperis
525 1086 585 1146 albi
607 1104 697 1165 grana
720 1085 783 1167 XX,
806 1087 868 1164 opii
891 1085 916 1145 X
937 1085 983 1166 VI,
1007 1089 1136 1165 gummis
1155 1105 1181 1144 ιο

122 1177 148 1237 X
167 1176 254 1237 VIIII.
291 1176 370 1236 Haeo
394 1179 532 1236 uniuersa
555 1178 586 1235 in
609 1175 763 1254 pulverem
784 1177 993 1235 tenuissimum
1016 1175 1137 1236 redacta

122 1275 225 1345 postea
244 1285 312 1326 cum
332 1265 457 1326 Falerno
476 1267 544 1325 vino
563 1271 700 1326 conteres
715 1273 803 1342 atque
818 1264 887 1324 inde
902 1264 1022 1343 collyria
1037 1265 1137 1346 facies,

69 1363 203 1434 raequae
223 1355 275 1416 dIu
289 1357 320 1415 in
336 1355 440 1415 umbra
456 1356 614 1415 siccentur.
645 1351 806 1432 Collyrium
820 1353 867 1413 dia
881 1352 1001 1413 libauon
1017 1353 1053 1413 ad
1068 1372 1137 1433 sup·

122 1446 296 1523 parationes
315 1443 469 1504 oculorum
490 1443 648 1503 coniicitur
667 1444 724 1502 sie:
748 1441 884 1502 Cadmiae
903 1441 929 1501 X
949 1441 978 1523 8,
998 1460 1137 1502 cerussae

123 1533 206 1613 XII,
231 1535 292 1610 opii
314 1532 340 1591 Χ
359 1531 385 1611 I,
409 1532 537 1609 gummis
560 1530 586 1589 Χ
606 1530 639 1611 8,
663 1549 749 1590 rosae
773 1532 869 1591 siccae
892 1529 958 1610 XI,
982 1532 1137 1609 gentianae
1156 1547 1180 1588 n

123 1621 148 1680 Χ
169 1621 202 1701 S,
225 1620 378 1699 pulverem
397 1621 605 1679 tenuissimum
629 1636 664 1678 ex
688 1619 736 1678 bis
759 1620 870 1679 iactum
891 1637 959 1680 oum
979 1637 1053 1698 aqua
1073 1619 1138 1698 plu-

67 1710 196 1770 197viali
222 1718 302 1768 teres
330 1715 360 1768 et
385 1709 426 1767 ita
450 1706 570 1786 collyria
594 1707 690 1786 qualia
713 1707 842 1768 volueris
866 1708 997 1786 effinges.
1044 1707 1138 1788 Colly-

124 1799 202 1857 rium
226 1797 273 1856 dia
297 1796 411 1874 lepidos
434 1799 542 1875 accipit
564 1795 651 1857 haec:
684 1795 772 1856 Croci
795 1795 905 1876 XIIII,
929 1799 1028 1874 spicae
1051 1798 1139 1858 nardi

124 1885 205 1965 XV,
229 1885 360 1946 cadmiae
384 1885 409 1944 X
428 1885 441 1945 I
461 1885 494 1965 8,
522 1884 729 1946 haematitidos
753 1884 823 1965 XI,
851 1887 963 1964 piperis
991 1903 1082 1964 grana
1105 1885 1138 1965 V,

124 1993 240 2054 myrrae
260 1974 286 2034 X
304 1974 325 2057 Ι,
344 1977 422 2035 aeris
441 1977 502 2036 usti
520 1974 546 2034 X
565 1974 595 2056 8,
614 1974 727 2053 lepidae
747 1974 809 2055 XI,
828 1976 956 2052 gummis
971 1973 1032 2053 XI,
1051 1992 1137 2035 rosae
1154 1992 1180 2032 ao

124 2064 226 2125 viridis
250 2063 388 2125 loliorum
411 2074 605 2143 purgatorum
629 2063 712 2144 XII,
735 2063 818 2145 haec,
841 2071 989 2142 utsupra
1012 2062 1048 2122 de
1072 2062 1138 2124 aliis

124 2153 254 2234 collyriis
283 2156 428 2232 serIptum
457 2161 516 2231 est,
545 2155 615 2213 trita
642 2172 717 2232 aqua
746 2152 867 2231 pluviali
894 2152 1016 2230 subiges
1040 2159 1070 2212 et
1097 2154 1138 2212 ita

71 2242 248 2320 198eollyria
272 2241 422 2302 formabis.
453 2241 613 2321 Collyrium
633 2241 669 2302 ad
688 2241 881 2320 lippitudines
905 2249 935 2301 et
953 2243 1066 2319 primos
1084 2242 1138 2300 im-

124 2338 211 2407 petus
235 2329 390 2389 oculorum
409 2330 566 2390 coniicitur
585 2332 641 2390 sic:
664 2331 788 2390 Acaciae
806 2329 832 2389 X
851 2329 886 2410 X,
909 2330 1039 2390 cadmiae
1059 2348 1138 2389 oom-

124 2417 229 2477 bustae
253 2424 283 2477 et
307 2417 343 2476 de
366 2417 442 2478 lacte
466 2436 597 2496 capruno
617 2426 668 2479 aut
686 2417 833 2499 muliebri,
857 2418 937 2497 quod
956 2417 1063 2479 mellus
1083 2427 1137 2498 est,
1153 2436 1179 2477 aa

124 2508 272 2565 extinctae
296 2512 326 2565 et
347 2513 454 2566 tunsae
477 2515 507 2566 et
525 2505 673 2567 cribratae
693 2515 723 2567 et
741 2506 818 2567 lotae
837 2507 922 2587 bene,
947 2508 1041 2568 donee
1062 2525 1138 2585 aqua

125 2596 189 2654 eius
212 2593 333 2672 limpida
357 2596 404 2675 sit,
427 2594 453 2654 X
472 2594 507 2656 x.
545 2594 607 2655 Hoc
632 2614 750 2674 quoque
774 2595 894 2674 pluviali
917 2615 993 2676 aqua
1017 2595 1138 2674 colliges

70 2687 159 2743 199et
182 2684 222 2742 ita
246 2682 365 2762 collyria
389 2683 539 2744 formabis.
576 2682 736 2763 Collyrium
761 2685 808 2744 dia
827 2687 945 2766 misyos,
969 2684 1048 2764 quod
1068 2685 1139 2744 facit

124 2771 159 2832 ad
189 2772 390 2850 aspritudines
418 2773 574 2834 oculorum
601 2773 746 2834 tollendas
778 2782 808 2835 et
836 2774 870 2834 ad
900 2773 1036 2834 lacrimas
1069 2772 1137 2834 sub-

124 2861 322 2939 stringendas,
346 2865 525 2942 conponitur
544 2865 600 2924 sic:
623 2862 698 2943 Misy
717 2863 866 2925 conbures
884 2861 940 2923 hoe
962 2880 1054 2942 more,
1077 2864 1137 2922 eoi·
1154 2879 1180 2920 so

124 2952 186 3011 cies
214 2949 286 3011 illud
315 2953 346 3011 ln
371 2951 534 3030 pultarium
558 2961 588 3013 et
611 2953 753 3031 purgabis
776 2961 806 3013 et
829 2955 860 3012 in
884 2951 1005 3011 furnum
1029 2953 1139 3030 mittes,

123 3048 240 3100 uttam
265 3040 316 3101 diu
341 3050 495 3120 coquatur,
519 3042 614 3102 donee
639 3043 678 3101 sit
702 3044 905 3118 sanguineum.
947 3039 1042 3100 Huius
1067 3058 1138 3118 ergo

124 3127 201 3207 XV,
230 3131 328 3207 spIcae
357 3130 443 3190 nardi
467 3129 548 3210 XV,
575 3131 657 3189 croci
686 3128 768 3208 XII,
797 3128 928 3189 cadmiae
952 3128 978 3189 X
998 3128 1031 3208 8,
1060 3131 1139 3189 aeris

124 3218 185 3276 usti
209 3216 234 3275 X
255 3218 288 3298 8,
317 3220 378 3296 opii
406 3218 485 3296 XS,
512 3234 629 3296 myrrae
657 3215 736 3296 Χ8,
765 3215 880 3294 lepidae
909 3216 1034 3296 Cypriae
1062 3216 1138 3296 Χ8,

196 3418 398 3487 4inunoxeris,
413 3422 475 3475 item
490 3426 513 3474 6.
557 3419 733 3475 ldiaihesis.
780 3427 812 3476 13
828 3420 992 3478 dialibonos.
1036 3427 1070 3476 28
1086 3421 1137 3477 mi·

123 3489 188 3554 sios,
207 3491 270 3545 itam
288 3496 332 3545 30.
404 3495 438 3544 32
457 3491 490 3544 ut
508 3506 557 3545 om.
632 3496 665 3546 33
685 3491 757 3546 aeris
776 3494 833 3547 uati
854 3491 880 3546 X
900 3494 917 3548 8
937 3509 986 3550 om.
