2438 3802
514 175 550 185 -
599 139 753 204 350-

74 316 107 364 21
128 302 241 364 utiliter
269 312 382 365 curant.
429 302 549 383 Caprini
576 304 650 362 corii
679 303 754 362 cinis
783 320 818 361 ex
847 301 911 361 olco
941 301 1056 364 inlitus
1083 323 1147 384 per·

73 404 107 453 22
127 393 231 453 niones
249 395 344 471 prime
360 391 465 453 abolet.
498 390 670 451 Testudinis
685 399 823 468 tegumen
837 400 1058 453 concrematur
1072 395 1147 455 eius·

127 499 185 560 que
218 481 313 542 favilla
345 499 381 541 ex
409 483 477 541 vino
508 487 538 539 et
564 479 630 539 oleo
655 486 817 558 temperata
844 478 1002 540 ulceribus
1036 481 1146 560 pedum

74 569 239 632 23‘utiliter
271 569 431 630 inducitur.
478 567 584 628 Scillae
617 566 699 627 bulbi
732 567 810 646 quod
837 569 966 628 interius
998 579 1051 630 est
1079 589 1146 632 cum

127 658 191 718 oleo
216 658 348 718 defervet
371 674 465 734 eoque
490 656 554 716 oleo
578 655 695 716 dolores
718 657 894 734 pernionum
921 661 1072 734 peruncti
1096 661 1165 719 mio

127 754 253 806 tescunt.
1049 818 1054 831 1

73 845 108 894 24
216 831 298 892 Mora
325 834 465 913 agrestia,
492 834 564 894 dum
591 833 687 894 adhuc
715 832 837 912 rubent,
865 840 1032 911 antequam
1057 835 1145 897 ullius

127 922 245 998 generis
267 939 385 981 morum
403 921 577 1002 comederis
600 923 679 982 inter
697 940 802 982 manus
823 921 955 982 conirica
974 939 1146 1004 eorumque

127 1026 198 1069 suco
218 1026 315 1090 crura,
335 1027 409 1088 qliae
429 1009 529 1070 dolere
549 1018 740 1090 consuerunt,
759 1009 965 1089 pertriduum
985 1015 1145 1092 continge3

127 1115 185 1157 non
214 1096 301 1157 modo
328 1105 516 1177 praesentem
543 1098 707 1158 molestiam
731 1097 893 1179 mitigabis,
920 1115 1032 1159 verum
1057 1103 1174 1162 etiamn

126 1187 157 1245 in
181 1185 330 1264 reliquum
353 1194 471 1265 tempus
494 1205 529 1247 eo
553 1188 623 1247 vitio
647 1185 771 1247 carebis.

74 1285 108 1335 25
216 1274 352 1335 illumino
377 1295 413 1335 ex
436 1283 519 1336 aceto
542 1277 680 1353 peruncti
698 1277 858 1353 perniones
877 1284 1039 1358 sanantur3
1064 1277 1145 1338 bras-

127 1364 188 1423 sica
213 1382 331 1442 qcroque
354 1366 424 1424 trita
448 1364 640 1442 adpositaque
663 1363 858 1442 pernionibus
880 1364 1031 1426 medetur.

73 1464 106 1512 26
216 1450 345 1532 Folium,
373 1459 502 1530 costum,
530 1451 647 1512 alumen
675 1451 835 1533 liquidum,
863 1451 982 1512 alumen
1012 1457 1144 1516 scissum

125 1541 191 1618 pari
213 1540 345 1619 pondere
369 1541 399 1598 in
423 1557 515 1599 unum
539 1550 660 1600 contere
684 1548 714 1600 ct
736 1542 804 1600 vino
827 1543 922 1601 veteri
945 1543 1041 1603 mixta
1066 1543 1176 1605 uice-1⁶

127 1627 210 1687 ribus
235 1630 296 1688 sive
320 1629 454 1706 rupturis
477 1627 628 1688 hiantibus
651 1629 843 1707 interdigitiis
873 1629 996 1690 adsidue
1021 1634 1144 1712 inpone,

73 1727 107 1778 27
126 1723 264 1794 potenter
287 1715 452 1776 medebere.
490 1715 673 1795 lnterdigitia
692 1725 776 1778 sanat
794 1719 912 1778 cerain
930 1717 996 1778 oleo
1017 1724 1144 1799 cyprino

126 1806 250 1864 remissa
274 1812 304 1864 et
326 1806 462 1884 inposita.
873 1801 875 1804 ⁴

72 1905 106 1954 28
214 1892 318 1953 Pulmo
342 1895 480 1954 cervinus
503 1895 650 1972 inpositus
674 1902 704 1953 et
727 1912 814 1972 saepe
838 1901 998 1956 renovatus
1022 1914 1063 1956 ex
1088 1897 1143 1958 cal·

74 1993 106 2042 29
127 1982 273 2041 ciamento
293 1981 387 2042 laesos
407 1982 498 2060 pedes
517 1983 581 2041 sine
600 1981 700 2041 dolore
715 1989 861 2060 persanat.
885 1982 1057 2061 Leporinus
1072 2004 1142 2064 quo·
1154 2003 1175 2043 n

127 2087 184 2147 que
208 2069 309 2148 pulmo
333 2070 426 2131 multo
450 2071 601 2130 efficacius
626 2079 658 2130 ut
683 2088 771 2149 supra
796 2072 944 2149 inpositus
968 2083 1067 2134 curat.

72 2170 107 2219 30
215 2158 259 2217 dd
279 2177 321 2238 ea,
345 2177 421 2238 quae
440 2159 550 2220 calcata
568 2169 665 2240 erunt,
687 2166 717 2219 et
736 2177 777 2237 ea,
802 2177 877 2236 quae
897 2162 1017 2237 corpori
1041 2161 1142 2222 inhae-

128 2247 231 2326 serint,
254 2247 434 2308 extrahenda
457 2247 567 2325 leporis
591 2246 747 2324 coagulum
770 2266 838 2307 cum
859 2247 952 2308 malva
971 2251 1080 2310 tritum
1099 2253 1141 2310 in-

72 2345 106 2393 31
128 2335 318 2411 positumque
346 2343 483 2412 potenter
512 2334 713 2412 opitulabitur.
756 2334 882 2414 Siongea
909 2335 1046 2396 vellana
1070 2336 1141 2398 lotio

126 2419 289 2479 madefacta
320 2421 512 2499 adpositaque
545 2423 608 2481 sine
641 2422 742 2482 dolore
776 2443 852 2502 quae
885 2427 1005 2504 corpori
1037 2425 1175 2486 iubae-u
1217 2461 1219 2474 ι

127 2508 222 2566 serint
245 2508 355 2568 eximit.

72 2606 106 2655 32
216 2593 248 2654 Si
267 2597 368 2673 stirpis
388 2595 484 2674 aliqua
502 2597 672 2678 inhaeserit,
691 2598 831 2660 lacertam
850 2618 904 2679 per
917 2588 1050 2662 medium
1067 2605 1138 2663 scis-

129 2699 191 2741 sam
211 2685 239 2743 ei
257 2683 321 2743 loco
341 2687 489 2766 apponito,
509 2685 663 2746 celerrime
683 2687 841 2768 educetur;
865 2688 911 2748 vel
930 2691 1027 2767 capita
1045 2689 1138 2751 lacer-

126 2778 225 2831 tarum
249 2780 372 2833 contusa
396 2775 582 2853 inpositaque
606 2775 742 2835 similiter
765 2784 899 2855 prosunt.

71 2871 105 2920 33
216 2860 247 2921 Si
266 2861 364 2922 echini
383 2861 477 2922 aculei
495 2863 622 2941 pedibus
636 2863 819 2924 inhaeserint
833 2872 884 2925 aut
898 2864 986 2926 alicui
1001 2869 1138 2946 corporis
1150 2884 1174 2925 ao

124 2951 215 3029 parti,
239 2952 270 3010 in
293 2950 364 3010 lotio
387 2950 516 3011 humano
540 2951 647 3011 calenti
669 2952 775 3031 pedem
799 2953 850 3012 diu
874 2960 952 3032 tene,
978 2953 1066 3015 facile
1090 2974 1136 3016 ex-

125 3039 286 3098 cutientur.

71 3135 106 3183 34
215 3125 402 3206 observabis,
421 3135 455 3187 ut
474 3127 680 3206 quodcumque
701 3128 736 3188 de
757 3146 882 3207 corpore
903 3129 994 3189 luerit
1009 3133 1138 3193 eiectum

124 3211 192 3272 licio
216 3212 366 3290 alligatum
390 3215 566 3276 candelabro
590 3216 753 3295 suspendas
775 3227 827 3277 aut
845 3225 934 3278 uncta
953 3217 1019 3278 oleo
1039 3219 1138 3282 lanula

199 3421 396 3483 dmidiscunb.
485 3431 519 3482 16
540 3421 748 3493 lnbetdlgihl'tsl
761 3419 952 3494 interdianum:
1021 3426 1061 3470 uu
1078 3439 1144 3483 aas.

87 3488 207 3555 sssum·
289 3501 324 3554 25
348 3513 483 3573 corpore.
563 3503 597 3554 Ἡ
620 3495 649 3550 si
666 3511 720 3551 om.
794 3493 833 3542 ‘aa
851 3486 999 3553 opponam.
