2438 3802
459 121 704 188 -153-

78 286 175 346 omnia
205 284 280 344 haee
312 282 538 361 diligentissime
571 285 642 344 trita
674 291 704 344 et
735 281 822 344 malle
855 282 977 345 collecta
1009 283 1088 345 laho-

77 375 156 434 ranti
178 372 329 434 dabuntur
352 390 491 433 mensura
515 389 549 432 ac
572 374 688 434 ratione
711 373 760 452 ita,
785 379 820 432 ul
842 379 927 432 terna
951 372 1090 434 cocliaria

76 464 196 524 ieiunus
218 462 353 540 aeeipiat.
959 486 964 497 ·

493 654 571 716 CAP.
597 653 670 715 xvi.

73 768 130 824 Ao
152 780 270 824 omnes
291 767 466 823 molestias
487 767 592 822 tussis
615 769 650 823 et
672 766 803 822 subitae
825 768 860 822 et
878 765 1029 822 diutinae
1048 779 1088 822 ao

74 859 232 913 vetustae
246 858 281 910 et
293 855 401 912 siaaae
420 858 525 928 atque
541 855 679 911 umidae
693 857 729 910 et
741 856 786 910 ad
803 854 966 924 pthisioos
983 857 1087 924 atque

75 959 135 1002 eos
157 944 218 1014 qui
240 945 551 1014 sanguinulentam
567 946 603 998 et
624 943 849 1023 purulentum
870 945 1031 999 excreant
1053 946 1088 999 et

74 1036 119 1090 ad
151 1033 322 1102 empyioos
353 1033 411 1089 vel
440 1032 697 1101 pleumoniaoos
732 1035 836 1103 atque
871 1045 930 1088 eos
962 1032 1088 1101 quibus

74 1136 157 1180 oasu
180 1122 406 1190 sanguisugae
429 1122 519 1177 intra
546 1121 762 1177 stomachum
786 1120 989 1190 Inrepserint
1011 1133 1088 1176 nao-

73 1225 144 1267 non
167 1213 203 1267 et
224 1211 269 1266 ad
291 1209 459 1266 stomachi
481 1211 663 1266 stridorem
690 1212 726 1265 et
747 1223 791 1265 ne
813 1209 926 1265 media
949 1209 1089 1264 doleant

204 1298 356 1355 remedia
377 1299 518 1368 physioa
541 1301 575 1354 et
597 1297 809 1354 rationabilia
832 1298 966 1354 diversa

149 1379 151 1382 ’
423 1389 466 1443 de
490 1386 740 1458 experimentis.

161 1524 301 1586 Pastillus
325 1523 360 1584 ad
385 1531 498 1585 tussam
522 1531 552 1584 ei
575 1523 803 1585 destillationem
822 1525 953 1601 pectoris
975 1531 1005 1584 et
1024 1523 1121 1602 pul-1

33 1629 46 1670 e
74 1615 172 1674 monis
199 1622 230 1675 at
257 1612 293 1674 ed
314 1612 480 1692 'epiphoras
508 1611 662 1673 oculorum
690 1620 721 1673 et
750 1614 865 1673 vesicae
895 1612 1026 1673 dolorem
1058 1621 1088 1672 et

74 1702 184 1781 quibus
211 1702 302 1764 tubus
333 1703 536 1781 strangulatur
564 1703 683 1780 saepius
711 1711 741 1762 et
768 1719 829 1760 non
859 1703 923 1762 sine
952 1703 1087 1761 cruciatu

73 1793 190 1851 urinam
219 1791 345 1869 iaciunt,
373 1792 444 1850 item
468 1788 504 1849 ad
533 1807 598 1870 eos,
626 1791 679 1869 qui
701 1791 876 1868 sanguinem
899 1807 951 1850 ore
975 1791 1088 1850 eiciunt

73 1887 125 1939 aut
151 1897 206 1957 per
234 1881 349 1939 urinam
372 1878 516 1957 reddunt,
544 1877 580 1938 ad
608 1878 805 1938 deiectionem
829 1896 948 1956 quoque
977 1877 1035 1937 alvi
1058 1888 1087 1938 et

57 1966 111 2026 ·ad
133 1968 260 2027 tormina
284 1974 314 2027 et
337 1967 520 2045 gravidinem
543 1967 656 2026 ventris
676 1973 707 2026 et
725 1965 874 2026 choleram
894 1975 924 2026 et
943 1965 1088 2026 stomachi

32 2071 59 2110 ιο
74 2053 209 2116 crebram
235 2073 388 2133 nauseam,
417 2073 492 2134 quae
516 2073 585 2115 eum
608 2056 721 2114 vomitu
745 2055 809 2114 sine
832 2053 909 2114 lebri
932 2055 1087 2136 excitatur,

72 2142 154 2204 utilis
182 2151 229 2204 est
257 2151 287 2204 et
314 2143 459 2223 ququuid
488 2145 611 2222 reprimi
635 2152 664 2203 et
688 2144 794 2221 siccari
817 2150 950 2223 oportet,
976 2143 1086 2221 optime

72 2234 239 2313 conpescit3
266 2240 421 2311 praeterea
446 2233 517 2294 feeit
540 2240 570 2293 et
593 2231 628 2292 ad
652 2233 785 2292 omnium
804 2233 934 2310 partium
953 2233 1087 2310 corporis

72 2319 205 2382 dolorem
228 2329 348 2399 praeter
371 2323 489 2402 eapitis3
514 2322 694 2401 quinetiam
716 2320 878 2399 siquando
898 2319 1087 2381 alicuiusrei

73 2427 161 2470 eausa
186 2409 287 2470 datum
311 2410 416 2492 luerit,
447 2411 519 2471 aliae
547 2412 593 2470 rei
622 2413 692 2472 vitio
717 2428 775 2470 nen
800 2411 857 2470 erit
880 2410 937 2470 hoa
961 2409 1086 2470 medica-

32 2511 59 2553 1⁵
72 2506 215 2558 mentum.
257 2498 332 2559 Cum
360 2507 458 2560 autem
482 2499 518 2560 ad
542 2501 653 2580 omnia,
677 2517 752 2577 quae
776 2499 965 2578 supradixi,
993 2500 1086 2558 mani-

72 2587 147 2646 feste
171 2588 279 2667 prosit,
306 2595 370 2647 tum
393 2591 553 2668 praecipue
576 2589 612 2648 ad
640 2589 724 2648 initia
747 2586 880 2664 pthiseos
903 2587 980 2648 bene
1003 2588 1087 2667 iacit3

72 2674 183 2735 multos
207 2678 285 2735 enim
304 2678 416 2754 erIpnit
434 2695 470 2737 ex
489 2693 595 2754 magno
613 2675 747 2754 periculo
768 2675 920 2736 interdum
938 2675 986 2736 his
1005 2685 1087 2737 terve

73 2763 160 2824 datus
183 2763 232 2823 hie
256 2764 404 2843 pastillus,
427 2767 535 2842 recipit
558 2771 657 2823 autem
680 2763 767 2824 haee:
799 2762 915 2842 Myrrae
939 2764 1087 2842 troglody-

72 2851 151 2913 iidos
175 2851 201 2911 ll
219 2851 265 2932 Vl,
289 2854 371 2913 croci
393 2850 419 2910 ll
438 2851 470 2931 V,
494 2853 572 2911 turis
592 2849 618 2910 II
635 2850 668 2929 V,
692 2853 752 2928 opii
771 2849 796 2909 X
815 2849 878 2929 llll,
902 2849 1006 2911 alterni
1029 2851 1087 2910 albi

31 2954 59 2995 ²⁰
72 2942 195 3002 seminis
218 2939 244 2999 ll
263 2939 330 3021 1111,
359 2938 538 3018 Apollinaris
568 2937 678 2997 herbae
702 2937 811 2997 radicis
835 2939 956 2998 corticis
980 2936 1087 2997 llllll.

71 3028 275 3091 Contunditur
297 3029 370 3090 haee
394 3035 497 3089 cortex
519 3044 573 3105 per
597 3044 628 3086 se
653 3034 683 3086 et
703 3025 853 3085 cribratur
875 3027 958 3084 tenui
979 3024 1087 3104 cribro,

144 3207 160 3254 2
179 3216 326 3254 mansurae
344 3200 464 3256 ratione.

143 3272 200 3326 tit..·
218 3270 370 3326 molestias.
443 3268 650 3340 sanguisugiae.

144 3343 299 3397 teholera
356 3347 389 3396 10
402 3341 546 3397 vomitum.
605 3347 635 3394 11
652 3337 766 3409 oportit.
817 3343 851 3394 13
869 3339 951 3394 verba
969 3338 1087 3393 alieuius

70 3411 114 3466 rei
131 3429 217 3468 eausa
236 3413 262 3467 d.
279 3412 298 3468 f.
319 3411 393 3467 aliae
411 3414 452 3468 rai
471 3417 602 3482 amramis
617 3427 672 3467 asae
684 3412 821 3467 videatur.
896 3416 928 3465 16
947 3408 1099 3480 pthiseoel

70 3482 215 3554 pthisiaos.
294 3488 327 3539 18
345 3482 557 3554 trocloditydos.
630 3487 667 3541 20
688 3482 837 3541 sentinam.
907 3488 952 3539 ‘m
968 3478 1079 3537 aarum
