2438 3802
141 492 186 552 De
214 493 395 552 mensuris
423 499 457 552 et
483 490 708 571 ponderibus
735 491 1016 553 medicinalibus
1045 512 1085 553 ex

232 580 367 641 Graeco
390 580 580 641 transiatis
604 583 704 640 iuxta
727 580 992 660 Hippocratem.

195 704 287 765 Uncia
311 702 401 764 habet
423 704 579 764 drachmas
604 722 727 765 numero
746 704 823 785 VIII,
847 705 976 785 scripula
1002 703 1119 767 XXIIII.

105 793 184 854 Mina
203 793 293 854 habet
311 792 416 854 libram
431 792 444 852 I
462 795 565 854 uncias
580 793 615 854 II.
646 792 755 855 Cheme
774 793 863 854 habet
882 796 961 856 sicut
979 794 1120 856 drachma

107 875 211 969 2111.
235 881 345 942 Obolos
359 880 448 942 habet
465 881 604 943 denarius
619 881 664 943 VI.
693 882 793 962 Cotyla
809 881 954 962 [hemina]
971 884 1041 945 iacit
1055 902 1119 945 aoe-

105 970 205 1032 tabnia
229 973 291 1031 sive
316 970 469 1050 oxybapha
494 969 556 1031 IIII.
599 969 737 1050 OlyscIon
757 972 826 1033 facit
849 972 985 1033 heminae
1004 981 1119 1052 partem

77 1062 270 1142 esophorum,
294 1059 373 1138 qnod
396 1059 466 1120 iacit
485 1093 527 1103 -
547 1058 560 1119 I
584 1068 614 1120 et
634 1059 788 1120 drachmas
807 1061 843 1121 II.
886 1061 1006 1140 Cotylus
1030 1061 1120 1122 habet

108 1147 226 1228 -1111,
245 1148 325 1227 quod
344 1148 414 1208 iacit
433 1148 554 1227 cyathos
568 1147 595 1208 II
614 1156 645 1208 et
663 1148 806 1210 coclearia
825 1148 871 1211 VI.
910 1149 985 1210 Item
1005 1150 1120 1229 cotylus

106 1238 300 1298 triunciarius
318 1235 407 1296 habet
425 1236 560 1297 heminae
579 1239 697 1297 tertiam
716 1245 839 1316 partem.
872 1236 1054 1297 Tetroholon
1075 1246 1121 1298 est

108 1333 211 1404 quarta
234 1343 304 1404 pars
326 1325 471 1385 heminae.
513 1325 645 1385 Choenix
673 1327 795 1386 sextarii
818 1325 877 1385 duo
902 1335 979 1386 sunt.
1022 1325 1120 1386 Stator

107 1413 246 1493 estquod
261 1416 384 1474 metitur
402 1413 559 1474 drachmas
572 1412 634 1494 1111,
654 1421 700 1474 est
718 1421 816 1474 autem
837 1420 945 1492 quanta
960 1416 1120 1477 semuncia.

64 1517 91 1557 ro
105 1502 251 1563 Denarius
265 1511 312 1565 est
325 1510 484 1581 argenteus
498 1501 637 1562 drachma
656 1502 678 1584 1,
697 1501 776 1582 quod
795 1503 866 1562 facit
885 1494 988 1588 2111.
1023 1501 1119 1564 Victo·

105 1595 200 1652 riatns
219 1591 358 1652 denarius
377 1591 498 1651 dimidia
521 1609 590 1671 pars
614 1591 771 1652 drachmae
795 1598 849 1652 est.
887 1590 1000 1652 Obolus
1022 1594 1120 1652 miuor

106 1680 263 1741 drachmae
282 1687 365 1741 sexta
384 1698 453 1758 pars
472 1688 525 1741 est.
560 1679 688 1760 Cynthus
707 1699 776 1760 pars
796 1687 897 1741 octava
917 1683 1047 1763 sextarii,
1066 1682 1119 1742 sed

106 1769 142 1829 ad
165 1769 282 1848 pondus
306 1768 514 1830 drachmarum
541 1788 611 1848 pars
637 1770 750 1830 decima
774 1777 828 1830 est.
870 1769 1054 1832 Coclearium
1077 1771 1119 1830 di-

105 1857 196 1918 midia
219 1875 288 1936 pars
312 1857 470 1918 drachmae
494 1865 548 1919 est.
584 1858 787 1919 Tetrassarius
811 1861 964 1919 semuncia
987 1867 1040 1920 est.

106 1999 194 2061 Item
213 1999 255 2060 de
273 1999 498 2078 ponderibus
522 2006 556 2058 et
575 2001 755 2059 mensuris
777 1998 1120 2058 medicamentorum

160 2108 200 2150 ex
223 2088 318 2149 Iihro
341 2087 419 2148 XXI
442 2086 554 2148 Plinii
577 2086 815 2148 historiarum
838 2085 1066 2148 naturaIium.

66 2243 91 2283 15
194 2212 340 2273 Draohma
354 2212 450 2272 Attica
469 2211 583 2272 denarii
602 2218 648 2272 est
667 2213 800 2290 argentei
818 2210 943 2291 pondus.
974 2209 1119 2272 Drachma

106 2302 208 2362 eadem
226 2301 317 2362 habet
331 2303 362 2361 in
377 2299 508 2380 pondere
524 2300 626 2361 obolos
640 2299 685 2362 VI.
719 2300 830 2362 Obolus
847 2300 937 2361 habet
951 2300 1069 2362 chalcos
1084 2301 1119 2362 X.

106 2391 235 2471 Cyathus
265 2389 377 2469 pendet
406 2389 561 2450 drachmas
589 2388 624 2450 X.
670 2390 864 2452 hoetabulum
897 2391 976 2470 quod
1008 2391 1119 2451 dicitur

105 2480 194 2541 hahet
216 2480 353 2539 hemInae
377 2486 512 2558 quartam
535 2485 659 2557 partem.
704 2479 828 2540 Hemina
851 2478 941 2540 hahet
964 2480 1119 2540 drachmas

105 2586 230 2629 numero
244 2567 303 2628 LX.
333 2567 409 2648 Mna,
425 2585 512 2648 quam
527 2569 624 2628 nostri
637 2569 747 2628 minam
762 2575 876 2648 vocant,
891 2569 1001 2646 pendet
1015 2568 1118 2629 drach-

65 2666 91 2707 10
105 2675 168 2718 mas
191 2657 305 2717 Atticas
329 2664 458 2718 centum.

195 2745 349 2806 Mensuras
373 2764 492 2824 quoque
516 2748 595 2824 Ipsas
619 2745 800 2807 Graecorum
828 2746 864 2806 de
892 2744 1119 2806 medicinalibus

107 2833 290 2910 ponderibus
318 2833 499 2910 addidimus,
527 2850 602 2909 quae
626 2836 763 2909 sequenti
790 2835 896 2911 pagina
919 2836 1119 2914 continentur,

109 2929 143 2981 ut
165 2922 196 2980 iu
218 2921 424 2984 huiuscemodi
447 2918 550 2999 rebus,
579 2920 605 2976 si
628 2920 724 2978 visum
747 2919 850 2996 tuerit,
875 2920 911 2978 de
935 2920 1015 2978 fonte
1040 2921 1119 2998 quod

108 3012 190 3071 aiunt
211 3013 276 3090 ipso
300 3018 419 3090 petatur
442 3008 611 3070 auctoritas.

351 3149 440 3233 Περὶ
463 3148 596 3231 μέτρων
618 3147 678 3210 καὶ
701 3149 873 3227 σταθμῶν.

188 3271 231 3336 Η
246 3300 306 3356 μνα
291 3274 382 3356 ἔχει
401 3269 489 3349 ὁλκὰς
507 3269 599 3354 ρξ’,“
582 3299 602 3354 η
625 3274 707 3354 λίτρα
725 3265 835 3353 ἔχει’
802 3295 875 3352 ooyy
876 3270 922 3344 ας
941 3262 1028 3351 ιβ’,
1013 3296 1032 3352 η
1052 3266 1117 3354 ody-

102 3365 153 3446 ylo
177 3364 234 3445 ἔχει
258 3359 349 3438 ὁλκὰς
371 3360 408 3445 η’,
431 3358 451 3443 ἡ
476 3357 547 3442 ὁλκὴ
568 3362 624 3444 ἔχει
643 3358 796 3444 γράμματα
814 3385 851 3442 γ,
874 3356 905 3422 τὸ
924 3355 1043 3443 γράμμα
1061 3360 1118 3443 ἔχει

103 3449 231 3532 ὀβολοὺς
254 3449 291 3533 β’,
315 3477 325 3514 ‹
356 3448 392 3532 ὀβ
373 3447 460 3532 βολὸς
483 3451 541 3532 ἔχει
563 3445 785 3533 κεράτιαὸ,
759 3474 790 3512 ro
809 3444 943 3531 κεράτιον
966 3449 1023 3532 t'pee
1049 3457 1119 3532 oppd-

941 3553 975 3608 p
