2438 3802
482 144 724 208 —299—

98 326 174 388 quae
199 307 308 368 Gallice
332 307 435 368 alauda
454 306 572 387 dieitur,
597 309 657 367 sive
681 308 745 385 ipsa
764 316 860 367 assata
878 309 909 367 in
929 310 995 369 cibo
1015 327 1111 369 suma·

97 409 148 460 tur
171 398 234 457 sive
257 414 325 456 cum
349 395 459 474 plumis
483 397 545 456 suis
568 395 723 456 combusta
749 396 902 475 redigatur
925 399 955 456 in
980 399 1112 458 cinerem

98 494 187 565 atque
217 503 253 546 ex
282 503 317 545 eo
347 483 573 564 diligentissime
601 487 672 544 trito
700 484 951 546 terna‘cocliaria
976 504 1013 546 ex
1035 504 1111 564 aqua

99 575 192 636 calida
214 575 299 652 potui
322 591 376 652 per
400 572 532 633 triduum
556 572 674 634 dentur.

73 681 86 721 a
188 661 315 723 Unicum
339 671 386 722 est
408 663 582 722 intestinum
606 662 742 741 ossifragi
765 665 857 724 mirae
876 672 1008 744 naturae,
1032 663 1111 743 quod
1131 678 1163 726 51

100 753 197 811 omnia
220 751 358 811 devorata
382 752 526 810 citissime
550 750 682 831 eondcit3
705 751 795 812 buius
814 770 884 833 pars
902 761 1034 813 extrema
1053 751 1111 812 col·

98 839 202 918 ligitur
224 847 255 899 et
276 841 432 917 reponitur
456 847 486 899 et
509 857 577 899 eum
600 857 676 918 opus
699 839 803 922 fuerit,
830 844 927 903 ventri
950 841 1111 901 laborantis

98 928 248 1008 alligatur,
270 929 347 988 miro
370 927 502 988 remedio
526 945 628 988 omnes
651 930 861 990 intestinorum
887 930 1005 990 dolores
1030 931 1110 990 citis·

97 1019 171 1078 sime
195 1016 287 1077 sedat.

57 1127 82 1165 10
185 1106 263 1185 Lupi
291 1113 409 1166 stercus
436 1104 596 1165 dummodo
622 1123 682 1164 non
705 1106 737 1165 in
760 1113 839 1167 terra
862 1109 1030 1187 inventum,
1058 1106 1110 1166 sed
1128 1119 1163 1190 ω

97 1213 187 1274 supra
210 1195 320 1256 fustem
344 1202 395 1255 aut
418 1213 509 1274 supra
532 1193 642 1254 astulas
665 1201 717 1254 aut
738 1211 829 1272 supra
847 1196 970 1255 iuncum
989 1193 1110 1272 colliges

98 1292 128 1343 et
155 1283 287 1345 servabis
315 1291 436 1344 etcum
460 1283 662 1364 opusfuerit‚
689 1281 837 1342 laboranti
859 1282 952 1343 colico
977 1282 1110 1361 alligabis

98 1372 134 1432 ad
161 1371 316 1433 brachium
344 1372 391 1434 vel
418 1371 455 1432 ad
484 1371 593 1432 collum
616 1373 647 1431 in
670 1389 737 1431 osse
761 1373 866 1432 autin
890 1390 980 1452 cypro
1005 1374 1110 1432 autin

97 1478 170 1520 auro
194 1461 310 1522 clusum
333 1461 462 1540 licioque
486 1478 679 1541 suspensum;
702 1460 754 1520 sed
779 1461 863 1538 prius
886 1479 922 1520 ex
945 1463 1011 1540 ipso
1035 1468 1109 1521 ster-

57 1560 84 1607 15
99 1567 167 1608 core
194 1549 336 1629 pusillum
363 1551 512 1628 ignoranti
541 1568 577 1608 ex
604 1567 678 1627 aqua
707 1547 801 1608 calida
824 1547 987 1610 bibendum
1012 1548 1110 1630 dabis3

97 1639 172 1697 mire
195 1637 394 1716 celeriterque
418 1636 585 1698 subvenies.
1153 1676 1158 1686 κ

185 1725 280 1786 Ovum
303 1744 410 1786 recens
432 1726 559 1786 crudum
583 1727 739 1786 summiter
759 1734 896 1804 apertum
915 1726 1061 1787 defundes
1080 1734 1111 1786 et
1129 1737 1163 1788 53

98 1815 162 1874 eius
180 1821 289 1874 testam
307 1813 372 1874 oleo
392 1814 479 1874 viridi
498 1813 635 1892 implebis
655 1823 685 1874 et
703 1814 861 1895 defundes3
882 1814 1019 1875 similiter
1037 1815 1109 1876 lotio

98 1901 206 1981 puerili
232 1901 369 1980 implebis
397 1911 427 1962 et
455 1903 600 1963 defundes
627 1901 782 1981 mellisque
806 1903 981 1964 tantundem
1004 1904 1108 1965 defun·

56 2009 84 2048 20
98 1991 165 2069 dee,
192 1998 256 2050 tum
284 1990 441 2069 diligenter
469 1993 566 2052 omnia
589 1989 784 2069 permiscebis
809 2000 838 2052 et
862 1994 893 2052 in
916 2010 992 2071 aqua
1015 1992 1109 2053 calida

96 2080 258 2158 tepefacies
281 2097 315 2139 ac
338 2081 438 2140 ieiuno
461 2078 588 2140 bibenda
608 2079 700 2140 dabis.
733 2078 812 2140 Haec
831 2082 912 2159 potio
932 2099 992 2140 non
1011 2081 1108 2141 selum

97 2176 215 2229 stereus
249 2175 412 2248 vetustum,
445 2168 525 2247 quod
556 2167 672 2228 dolores
704 2170 855 2229 intestinis
888 2169 972 2250 facit,
1003 2187 1108 2230 verum

97 2260 185 2318 etiam
213 2256 376 2318 lumbricos
403 2259 491 2318 eiciet
518 2265 549 2317 et
575 2256 697 2317 ardores
725 2257 968 2335 praecordiorum
996 2258 1107 2320 febres·

97 2365 154 2426 que
178 2345 302 2406 sedabit.

55 2451 82 2492 25
184 2435 299 2496 Erucae
319 2435 500 2494 semunciam
520 2440 657 2494 conteres
673 2435 753 2516 etei,
774 2436 827 2513 qui
840 2433 1002 2495 lumbricos
1016 2437 1108 2515 patie-
1127 2447 1162 2497 54

96 2532 154 2605 tur,
173 2543 209 2584 ex
228 2526 296 2583 vino
315 2528 416 2582 vetere
436 2521 561 2581 candido
578 2523 678 2582 ieiuno
692 2529 723 2582 et
737 2523 935 2601 digestissimo
950 2523 1108 2584 bibendam

96 2612 188 2693 dabis,
212 2614 284 2672 satis
307 2610 449 2690 proderit.

184 2701 228 2760 Ad
256 2703 426 2760 interaneos
454 2697 573 2760 morbos
602 2698 725 2776 serpulli
751 2698 868 2777 pondus
892 2700 1039 2761 victoriati
1061 2719 1107 2762 ar·
1126 2712 1160 2762 tt

96 2791 196 2865 gentei
214 2790 376 2849 contritum
396 2796 426 2849 et
445 2806 481 2848 ex
500 2790 568 2848 vino
586 2788 672 2867 potui
685 2786 796 2867 datum,
815 2785 996 2848 febricitanti
1009 2797 1109 2849 autem

56 2893 83 2934 ao
98 2893 133 2935 er
162 2875 257 2936 mulsa
285 2894 360 2954 aqua
389 2877 488 2956 tepida
519 2879 654 2937 internos
686 2873 804 2934 dolores
831 2877 943 2934 ventris
970 2883 1108 2954 potenter

97 2964 242 3026 emendat.
283 2963 424 3026 Verbasci
451 2965 560 3026 radicis
587 2965 731 3024 corticem
759 2962 905 3022 detrablto
931 2969 961 3022 et
984 2971 1107 3023 contun-
1126 2977 1160 3026 56

97 3053 159 3114 dito
191 3072 225 3114 ac
262 3071 368 3114 sucum
398 3055 463 3114 eius
491 3072 546 3132 per
573 3052 698 3112 linteum
726 3052 884 3129 exprimito
912 3068 1038 3129 eumque
1071 3069 1107 3111 ex

96 3159 172 3221 aqua
194 3141 289 3202 mulsa
313 3149 364 3202 aut
386 3145 454 3203 vino
477 3141 640 3202 bibendum
663 3140 747 3221 dato;
770 3141 869 3200 omnia
888 3141 1107 3199 interaneorum

185 3295 382 3350 tcumbuste.
492 3291 688 3362 teollegitur.
803 3292 978 3348 eminerem
1005 3291 1107 3346 medio.

98 3370 130 3419 tu
148 3365 284 3435 pisillum.
372 3372 405 3422 19
424 3367 506 3421 uerba
524 3364 672 3433 mellisque
690 3365 858 3420 tantundem
877 3362 1011 3418 defundes
1030 3363 1107 3431 apud

96 3437 264 3493 Gereonium
281 3441 345 3492 aute
363 3437 494 3492 similiter
511 3433 581 3491 lotio
600 3437 733 3491 collocato
750 3441 823 3491 emt.
931 3439 965 3489 26
985 3433 1111 3488 condito.

95 3513 130 3563 28
148 3511 178 3564 et
196 3508 330 3579 argentei.
403 3514 437 3564 29
457 3509 487 3563 eb
504 3512 569 3565 aute
587 3523 624 3564 ex
641 3523 695 3566 om.
