2438 3802
523 132 742 196 ..42-

125 295 246 357 adsidue
270 293 369 355 bulbis
393 295 487 373 tritis,
516 293 629 355 sulfure
654 296 720 354 vivo
743 301 774 354 31
797 295 864 355 1133
888 293 965 354 bono
989 295 1020 354 111
1044 310 1138 353 unum

88 385 290 465 2permixtis.
331 383 406 443 ltem
433 383 556 462 prodest
581 382 680 443 cedria
704 391 819 444 tantum
843 401 956 461 ungere
979 392 1069 459 caput
1092 380 1138 440 rel

88 485 105 534 3
124 473 180 534 3113
204 475 275 533 11113
299 480 330 532 31
353 479 437 532 33313
461 474 597 532 31111113.
635 471 741 532 Farina
764 471 1028 532 1331331131111113
1048 471 1138 548 capiti

124 562 244 622 inducta
267 561 436 640 porrigines
463 567 621 640 expurgat3
650 561 781 621 furfures
809 578 928 640 quoque
951 560 1031 619 idem
1055 577 1138 638 prae·

87 664 106 712 4
125 658 213 731 stant,
233 651 259 709 si
277 659 366 728 caput
384 649 453 709 inde
472 648 594 709 adsidue
613 651 645 709 in
660 649 764 709 balneo
784 648 891 710 11131111.
928 648 1082 728 Hysopum
1102 662 1166 707 exo

89 752 105 802 3
124 739 189 800 3133
211 741 315 799 tritum
335 745 365 798 et
383 737 558 799 instillatum
578 739 667 817 capiti
685 739 820 818 pityriasi
839 737 985 798 medetur.
1023 732 1138 816 <0113>

125 847 161 889 ex
181 829 248 887 vino
268 835 298 886 et
316 825 381 886 oleo
400 834 430 886 31
449 826 549 888 cedria
568 829 719 905 pruritum
738 825 927 906 scabiemque
947 827 1052 905 capitis
1075 824 1140 885 tolli

89 916 316 980 omanifestum
350 921 407 994 est,
441 917 467 975 si
494 923 624 994 ungatur
651 915 783 975 adsidue.
827 914 1001 994 Prurigines
1034 915 1139 992 capitis

126 1006 249 1066 discutit
272 1003 312 1063 fel
334 1003 455 1064 ovillum
477 1003 595 1064 inlitum
618 1022 687 1064 cum
711 1013 791 1064 creta
807 1003 937 1084 Cimolia,
961 1004 1138 1064 113333313-

89 1101 200 1158 tscat:
238 1094 347 1153 mirum
375 1100 428 1152 est.
476 1091 594 1153 Nitrum
622 1091 744 1153 alumini
776 1092 939 1154 admixtum
966 1093 1136 1171 prurigines
1151 1105 1177 1145 1o

90 1196 106 1245 8
126 1183 231 1261 capitis
249 1180 335 1261 tollit,
355 1183 381 1240 si
399 1179 468 1240 inde
488 1181 661 1260 frequenter
680 1180 804 1241 fricetur
824 1188 854 1241 et
871 1180 993 1242 lavetur.
1030 1178 1134 1239 Ulcera

125 1274 156 1332 in
180 1273 275 1350 capite
299 1277 449 1348 tamquam
471 1271 612 1349 proprius
635 1267 758 1329 morbus
785 1271 944 1348 praecipue
972 1266 1135 1328 infantibus

124 1368 304 1438 nascuntur,
337 1358 390 1419 sed
423 1366 453 1418 et
481 1360 560 1418 viros
588 1367 618 1418 et
646 1357 785 1418 mulieres
813 1361 943 1437 graviter
970 1356 1136 1418 molestant.

124 1448 204 1508 llaec
228 1465 298 1525 ergo
323 1447 389 1507 felle
413 1449 530 1508 taurino
554 1465 623 1508 oum
646 1454 729 1507 aceto
753 1447 899 1526 tepefacto
922 1446 1006 1506 inlita
1024 1446 1138 1506 efficaci

88 1551 105 1599 9
125 1537 256 1597 remedio
277 1543 428 1596 sanantur.
466 1534 575 1595 Sevum
594 1535 678 1607 vituli
696 1553 764 1596 curn
788 1535 848 1596 sale
867 1535 1023 1596 subactum
1042 1533 1137 1595 utilis·
1152 1549 1178 1590 11

74 1638 107 1687 13
127 1628 200 1685 311113
224 1623 382 1684 adhibetur
405 1624 547 1702 pityriasi.
585 1623 742 1683 'festarum
759 1625 909 1684 muricum
927 1623 973 1684 vel
991 1641 1137 1702 purpura·

125 1731 192 1774 rum
216 1719 388 1772 exustarum
412 1714 543 1771 cinerem
567 1710 712 1772 3111113113
737 1711 888 1773 ulceribus
910 1714 1016 1792 capitis
1034 1713 1140 1791 inponi

73 1815 105 1864 11
126 1807 251 1879 oportet.
298 1798 395 1860 Alium
424 1817 492 1860 cum
522 1818 575 1860 sua
603 1807 683 1860 13313
712 1800 890 1862 conburitur
915 1803 1050 1880 cinisque
1074 1802 1139 1860 eius

73 1903 162 1952 11311
195 1888 260 1948 oleo
288 1889 378 1967 capiti
410 1887 546 1949 ulceroso
575 1890 736 1968 inponitur.
783 1889 889 1951 Oleum
921 1889 1139 1970 amygdalinum

73 1992 194 2042 1331113
218 1979 285 2036 rino
309 1979 420 2055 optimo
444 1980 624 2056 permixtum
648 1986 792 2058 expurgat
815 1981 920 2059 capitis
940 1980 1017 2039 vitia.
1058 1976 1180 2038 1311313

125 2061 201 2147 rubi,
225 2068 256 2126 in
280 2084 338 2144 quo
361 2084 444 2127 mora
467 2075 640 2148 nascuntur,
664 2067 746 2127 arida
765 2069 893 2128 contrita
912 2069 1003 2146 capiti
1022 2069 1137 2145 insper-

125 2163 236 2235 guntur
268 2163 298 2215 et
331 2156 460 2234 desuper
491 2155 558 2216 lana
590 2155 693 2216 sucida
721 2164 751 2215 ct
783 2156 884 2217 charta
915 2157 1137 2236 superponitur.

72 2258 107 2306 14
126 2245 217 2304 Malva
245 2246 371 2304 erratica
394 2262 463 2304 cum
486 2247 572 2304 urina
596 2243 732 2322 bumana,
755 2244 786 2304 id
810 2252 855 2305 331
878 2245 995 2325 puerili,
1019 2247 1138 2305 tritaet

72 2346 106 2394 15
125 2334 253 2411 inposita
276 2331 359 2395 valde
384 2334 476 2393 siccat
499 2335 603 2411 capitis
627 2349 754 2392 umores.
803 2331 908 2394 Omnia
936 2342 1036 2394 autem
1061 2335 1138 2413 capi-

125 2423 164 2482 tis
188 2420 301 2499 ulcera,
324 2439 393 2481 cum
416 2428 541 2500 purgata
564 2428 646 2500 suut,
670 2420 884 2482 iucundissime
908 2422 945 2482 ad
968 2425 1138 2483 cicatricem
1155 2433 1180 2474 ²⁶

125 2509 332 2589 perducuntur
356 2511 412 2570 sic:
448 2509 576 2588 Spumae
600 2512 715 2588 argenti
737 2517 843 2570 tunsae
867 2510 975 2571 selibra
999 2519 1029 2571 et
1052 2528 1139 2571 cerae

125 2598 212 2678 libra,
236 2616 375 2659 cerussae
399 2597 483 2677 libra,
507 2597 565 2658 olei
588 2600 703 2659 rosacei
725 2597 809 2679 libra,
836 2617 904 2659 cum
928 2599 1085 2679 liquefacta
1110 2607 1139 2657 31

126 2689 216 2746 mixta
240 2693 270 2746 et
292 2689 362 2747 trita
381 2687 493 2748 fuerint
512 2686 593 2766 baec,
618 2687 835 2765 refrigerantur
855 2697 885 2748 31
904 2689 1073 2749 adiciuntur
1091 2685 1139 2745 bis

126 2793 249 2835 ovorum
272 2777 459 2836 incoctorum
483 2783 623 2854 quattuor
647 2775 735 2856 lutea,
758 2775 787 2835 id
808 2784 854 2837 est
872 2776 979 2856 vitella,
1002 2783 1032 2836 31
1051 2773 1140 2834 31111111

126 2862 236 2942 pistillo
251 2866 283 2924 in
293 2867 434 2924 mortario
449 2866 669 2944 permiscentur
683 2873 771 2943 atque
786 2864 854 2925 iude
870 2866 1023 2926 inducitur
1037 2871 1139 2944 caput:
1155 2877 1182 2917 ³0

74 2966 107 3015 13
126 2954 235 3012 mirum
254 2953 419 3013 remedium
439 2955 610 3032 experieris.
641 2953 791 3014 Nasturcii
805 2971 907 3014 semen
921 2957 1048 3015 mixtum
1063 2953 1143 3032 adipi

127 3044 281 3102 anserinae
303 3043 468 3122 tritumque
492 3043 624 3103 furfures
648 3044 754 3120 capitis
777 3041 899 3103 adsidua
923 3042 1068 3104 lavatione
1092 3042 1143 3102 de·

76 3143 107 3192 17
127 3129 217 3208 pellit.
255 3129 344 3191 betae
369 3131 472 3190 viridis
496 3137 637 3190 contusae
660 3146 896 3209 expressaequae
920 3149 992 3192 suco
1017 3133 1143 3211 porrigi-

128 3235 235 3278 nosum
263 3225 352 3298 caput
380 3218 553 3296 frequenter
576 3218 607 3276 in
630 3215 735 3276 balneo
759 3216 853 3278 lotum
876 3221 958 3280 omni
981 3219 1049 3281 tabe
1073 3238 1143 3298 pur-

200 3431 216 3480 3
240 3421 370 3494 feniculi]
393 3421 452 3476 feni
476 3421 572 3490 graeei
594 3421 670 3477 Plio.
780 3426 795 3476 5
819 3423 969 3495 hysopum]
997 3442 1143 3496 oesypum.

129 3499 145 3548 6
163 3495 224 3551 oris
242 3494 342 3550 addidi
359 3509 373 3548 3
394 3491 472 3548 Plio.
546 3496 578 3546 18
598 3494 670 3550 13313
688 3493 780 3550 Ρ1111..·
798 3498 884 3550 veste.
