2438 3802
467 160 707 225 —343-

80 326 228 386 silvaticae
256 325 340 384 radix
366 322 504 382 similiter
526 324 665 401 imposita
689 341 783 402 aeque
806 324 949 402 prodesse
972 325 1091 407 dicitur,

79 413 232 493 portulaca
255 429 374 491 quoque
398 412 468 471 trita
487 429 555 470 cum
574 411 692 489 polenta
712 412 844 490 adposita
864 413 1011 473 testiculis
1030 432 1090 474 me·

81 502 182 582 detur3
210 519 246 561 cx
273 502 342 561 limo
370 498 481 559 bubulo
509 501 596 578 panis
624 500 720 560 lactus
748 508 778 560 et
801 508 925 561 exustus
948 503 979 559 in
1001 501 1090 561 icrrno

80 597 131 650 aut
157 592 187 649 in
215 589 281 650 loco
309 596 339 648 et
362 596 464 667 postea
488 589 519 646 in
543 589 674 647 cinerem
698 588 838 648 redactus
861 595 892 648 et
915 607 982 648 cum
1006 596 1090 649 aceto

53 676 217 738 ascillitico
246 677 387 737 subactus
411 674 541 754 dumque
565 675 660 736 lerret
682 677 828 737 testiculis
851 677 1004 756 adpositus
1028 695 1090 737 sae-

79 768 206 846 piusque
229 773 362 826 mutatus
385 763 598 824 admirabiliter
623 773 653 824 et
677 767 775 825 statim
799 765 930 843 prodest.

170 855 298 933 Spongia
321 872 358 913 ex
381 870 469 930 posca
494 851 575 912 acida
600 860 630 912 ct
652 853 750 932 tepida
771 853 905 933 adposita
925 856 1023 915 statim
1044 872 1088 913 se·
1110 864 1144 912 1⁷

79 942 160 1004 dabit
184 941 391 1003 testiculorum
414 939 539 1001 dolores.
574 940 673 1020 Adeps
697 941 782 1001 vituli
800 952 830 1002 et
848 944 920 1002 nitri
939 943 1089 1003 modicum
1110 952 1143 1001 18

79 1050 137 1092 una
163 1033 310 1110 permixta
338 1039 368 1089 et
396 1031 489 1089 ceroti
513 1028 600 1088 modo
624 1031 762 1106 imposita
785 1030 931 1090 testiculis
955 1039 1089 1091 tumores

40 1136 66 1176 ro
80 1137 182 1181 omnes
204 1128 234 1180 et
252 1118 371 1179 dolores
390 1134 549 1195 persanare
569 1117 717 1177 dicuntur.
750 1117 836 1177 Bulbi
855 1136 891 1177 ex
910 1119 1006 1179 mulso
1026 1120 1091 1178 triti
1111 1128 1144 1178 19

79 1217 167 1287 atque
191 1207 269 1267 inliti
292 1204 461 1266 dolentibus
484 1203 630 1265 testiculis
654 1205 820 1266 medentur.
861 1205 956 1265 Rutae
983 1206 1090 1266 ramuli
1109 1216 1144 1266 2ο

78 1297 234 1356 tenerrimi
253 1296 318 1354 triti
332 1301 362 1354 et
375 1293 452 1354 inliti
466 1302 614 1354 tumorem
630 1293 837 1353 testiculorum
852 1295 985 1372 quamvis
1000 1296 1089 1353 maxi-

78 1402 159 1444 mum
190 1383 301 1443 sedant.
342 1381 448 1443 Farina
476 1381 530 1441 lini
558 1383 680 1442 seminis
708 1400 776 1442 cum
804 1383 901 1441 resina
932 1389 962 1441 et
991 1392 1143 1461 myrram

80 1475 144 1550 pari
166 1471 298 1551 pondere
321 1473 467 1550 permixta
491 1478 521 1530 ct
543 1471 680 1548 imposita
705 1469 852 1530 testiculis
876 1469 972 1530 dolori
991 1489 1024 1530 ac
1043 1478 1089 1531 tu-

39 1575 65 1616 rc
79 1563 156 1620 mori
188 1577 292 1620 eorum
325 1558 471 1619 subvenit.
517 1557 661 1618 Testiculi
692 1566 841 1619 tumentes
871 1577 947 1637 aqua
975 1561 1089 1619 marina
1108 1569 1143 1618 22

78 1648 294 1710 rationabiliter
317 1648 463 1708 leventur.

166 1736 330 1817 Herniosis,
354 1736 508 1795 ramicosis
526 1733 783 1814 hydrocelicisque
802 1737 936 1814 asparagi
956 1735 1024 1795 duri
1043 1753 1087 1796 ra·
1107 1746 1143 1795 23

79 1824 161 1884 dices
184 1826 311 1884 siccatae
335 1832 365 1883 et
388 1831 529 1883 contusae
553 1831 583 1883 et
606 1821 752 1882 cribratae
771 1841 839 1883 crim
858 1841 951 1901 aquae
970 1822 1090 1885 hemina

78 1914 162 1991 potui
186 1914 304 1989 saepius
327 1911 410 1971 datae
434 1910 572 1970 celeriter
598 1909 786 1971 subveniunt.

37 2017 65 2056 so
168 1997 277 2059 Pilulas
301 2001 436 2076 cupressi
458 1999 568 2058 virides
592 2016 628 2058 ex
651 2001 719 2058 vino
742 2007 842 2059 vetere
861 1999 897 2059 ad
917 2002 1020 2060 tertias
1039 2000 1088 2061 de·
1109 2010 1144 2059 24

79 2105 175 2166 coque
199 2095 229 2146 et
252 2086 374 2166 cyathos
396 2086 483 2146 binos
502 2086 611 2146 cotidie
629 2089 728 2148 ieiuno
749 2087 889 2148 hernioso
908 2091 993 2166 potul
1012 2089 1089 2170 dato,

79 2185 142 2237 tum
166 2175 234 2236 lolia
258 2175 391 2236 eiusdem
415 2176 485 2235 trita
505 2174 651 2235 testiculis
669 2178 822 2256 imponito,
846 2179 920 2236 mire
939 2177 1089 2258 proderis3

78 2265 225 2325 namhoc
250 2263 414 2325 remedium
439 2263 540 2324 multis
564 2266 775 2342 experimentis
798 2264 955 2343 probatum
979 2274 1033 2326 est.

166 2353 306 2434 Lapidem
331 2355 478 2431 ignarium
497 2360 655 2413 contusum
674 2355 789 2414 resinae
808 2355 933 2414 mixtum
952 2371 1007 2432 pro
1027 2373 1088 2415 em·
1107 2363 1142 2413 aa

37 2455 64 2498 aa
79 2442 190 2520 plastro
214 2445 332 2522 impone
357 2444 512 2523 ramicoso‚
536 2442 635 2501 statim
659 2442 801 2520 proderit.

166 2531 199 2591 Si
221 2550 314 2610 puero
338 2539 442 2592 tenero
468 2549 569 2592 ramex
597 2530 798 2612 descenderit,
827 2549 963 2592 cerasum
990 2532 1088 2592 novel·
1107 2541 1142 2590 26

76 2619 133 2679 lam
157 2620 308 2680 radicibus
331 2623 393 2679 suis
413 2626 540 2679 stantem
563 2618 690 2678 mediam
709 2618 821 2698 findite,
844 2622 884 2681 ita
904 2630 938 2680 ut
956 2639 1010 2698 per
1028 2621 1087 2700 pla-

78 2725 145 2783 gam
168 2725 242 2784 puer
265 2709 352 2766 traici
374 2709 478 2783 possit,
501 2724 535 2765 ac
558 2723 664 2765 rursus
685 2701 872 2767 arbusculam
892 2709 1039 2787 coniunge
1059 2716 1089 2769 et

77 2794 146 2852 fimo
174 2792 286 2852 bubulo
314 2791 438 2869 aliisque
467 2793 606 2851 lomentis
635 2790 746 2871 oblico,
775 2812 833 2871 quo
858 2792 974 2853 facilius
997 2797 1028 2853 in
1053 2813 1086 2855 se

35 2898 63 2937 ao
79 2898 152 2958 quae
177 2881 269 2939 scissa
293 2885 362 2938 sunt
385 2885 498 2937 coeant.
532 2875 648 2945 Quanto
667 2886 765 2938 autem
785 2877 913 2939 celerius
932 2879 1088 2940 arbuscula

78 2967 222 3029 coaluerit
249 2975 279 3027 et
307 2965 476 3026 cicatricem
500 2964 631 3044 duxerit,
659 2972 742 3025 tanto
766 2967 855 3026 citius
879 2983 979 3026 ramex
1001 2970 1089 3046 pueri

76 3056 238 3117 sanabitur.

166 3143 305 3205 Testibus
324 3143 415 3203 nimie
434 3139 639 3202 crescentibus
659 3142 773 3203 cicutae
792 3142 879 3218 radis
891 3144 961 3203 trita
976 3153 1005 3205 et
1020 3161 1088 3204 cum
1107 3155 1141 3206 22

77 3235 124 3294 ovi
151 3233 217 3294 albo
245 3234 383 3314 imposita
409 3231 554 3292 medetur.
597 3229 741 3293 Cerussae
764 3232 795 3293 P.
815 3230 841 3314 1,
864 3233 941 3293 turis
963 3232 1088 3294 masculi
1106 3244 1142 3294 28

166 3374 181 3423 't
201 3367 332 3439 spongia]
351 3367 386 3435 cf.
400 3366 479 3423 Ptin.
494 3385 522 3423 re.
536 3367 562 3422 b.
577 3372 624 3440 tt,
636 3371 701 3423 tao.
787 3374 826 3423 t‘o
838 3367 905 3422 um
917 3363 1066 3426 summm
1076 3362 1120 3420 si·

72 3440 148 3493 Plan.
164 3457 190 3494 n.
205 3441 231 3493 ll.
247 3444 288 3507 20,
305 3444 378 3503 261»
475 3446 509 3498 lo
529 3457 610 3513 aquo.
627 3439 766 3516 matiani
781 3443 822 3511 cf.
835 3428 1149 3495 aususausus*

63 3514 100 3561 20
112 3508 222 3574 pilulas
242 3509 386 3586 cupressi]
407 3513 445 3585 ef.
464 3514 536 3576 Pin,
553 3534 582 3575 ῃ,
597 3517 630 3575 ἢ,
642 3521 696 3590 24,
710 3522 760 3574 tn,
