2438 3802
493 161 732 226 -243-

109 326 165 387 hoo
193 325 376 386 medicamen
405 325 562 385 adhibetur
589 332 713 402 propter
736 323 901 384 molestiam
925 324 1056 404 sudoriS,
1084 342 1121 384 ne

111 417 272 494 unrigatum
301 415 448 474 infirmius
476 415 540 494 liat3
568 415 632 492 ipso
661 420 759 472 tamen
784 412 845 493 die,
869 431 928 492 quo
952 414 1121 474 confectum

109 504 208 584 fuerit,
233 505 330 562 statim
356 502 444 564 dehet
467 503 584 581 adponi,
608 520 666 579 quo
690 501 842 561 efficacius
865 503 962 580 proiit.

198 591 240 652 hd
265 591 397 669 splenem
421 590 585 651 remedium
610 590 729 651 efficax:
752 589 805 649 bie
828 589 905 650 lovis
928 590 1028 650 liduna
1051 591 1119 649 sini·
1140 599 1173 650 78

82 689 205 741 astrum
224 680 329 758 pedem
349 680 462 740 nudum
481 682 512 739 in
532 680 678 758 caproiico
693 688 792 758 ponet,
812 681 863 757 qui
877 678 995 739 dolores
1010 678 1121 756 splenis

110 771 248 849 patietur,
272 779 301 828 et
324 771 475 846 corticem,
502 777 644 847 quantum
668 785 721 846 pes
745 768 809 827 eius
833 770 986 847 presserit,
1009 766 1121 828 incidet

110 876 233 936 eamque
262 856 360 917 tribus
388 857 470 916 horis
498 856 535 916 de
563 856 654 916 fascia
682 854 717 915 ad
747 855 879 935 splenem
902 859 1028 936 positam
1052 875 1121 917 con·

109 947 244 1026 stringet,
268 944 413 1006 sublatam
437 944 506 1005 inde
530 945 656 1005 fumario
681 945 843 1024 suspendet
864 964 960 1024 neque
979 963 1121 1024 umquam

108 1042 160 1094 aut
183 1037 247 1112 ipse
271 1033 434 1094 removebit
458 1041 508 1093 aut
531 1035 685 1112 permittet
707 1033 743 1093 ab
767 1033 866 1112 aliquo
890 1034 960 1094 tolli.

69 1141 94 1180 10
197 1123 241 1182 hd
269 1121 402 1201 splenem
430 1121 595 1182 remedium
622 1120 753 1182 subitum
777 1131 865 1201 atque
890 1122 1013 1183 subtile:
1046 1121 1120 1182 Tres
1140 1132 1173 1182 79

107 1214 219 1271 caricas
247 1215 276 1271 in
305 1221 389 1272 aceto
413 1213 524 1289 optimo
548 1228 671 1288 vespere
694 1210 817 1270 infunde
842 1219 871 1270 et
894 1229 979 1270 mane
1002 1213 1120 1271 ieiunus

108 1317 157 1359 eas
180 1302 280 1378 accipe
305 1308 335 1359 et
358 1299 415 1360 hoc
438 1318 492 1377 per
516 1298 648 1359 triduum
676 1299 780 1379 lacito;
808 1308 876 1377 post
903 1299 959 1358 hoc
989 1299 1061 1358 ierri
1084 1318 1119 1358 ex

108 1406 195 1448 eausa
219 1388 330 1448 adhoc
350 1388 420 1448 lacti
438 1387 597 1448 massulam
616 1396 663 1448 ter
683 1387 836 1447 ardentem
856 1389 995 1465 extingue
1015 1405 1050 1447 en
1069 1405 1120 1466 po-

107 1477 187 1536 tione
207 1476 378 1537 absinthiati
398 1484 426 1536 et
446 1475 514 1536 hibe
535 1485 623 1556 atque
641 1476 698 1536 hoc
717 1493 771 1555 per
790 1475 922 1536 triduum
942 1475 1039 1537 facito.
1076 1476 1120 1536 hd
1139 1487 1173 1536 80

67 1582 92 1623 15
108 1565 219 1643 splenis
234 1565 365 1625 dolorem
380 1566 542 1645 cuminum,
558 1572 701 1644 quantum
716 1563 813 1625 tribus
829 1564 929 1642 digitis
941 1566 1038 1644 possis
1051 1583 1119 1624 con-

106 1653 302 1733 prehendere,
319 1672 386 1714 eum
398 1655 465 1714 vino
477 1655 581 1714 tritum
591 1655 691 1714 ieiuno
701 1652 846 1714 laboranti
857 1653 940 1714 dabis
950 1653 1119 1714 hibendum.

504 1847 583 1908 CAP.
607 1846 723 1908 XXllll.

137 1958 327 2015 Pleuritiois
350 1961 386 2014 et
407 1960 554 2016 laterum
578 1957 755 2015 doloribus
778 1959 928 2015 remedia
950 1959 1090 2028 physion

226 2051 261 2102 et
282 2047 496 2105 rationabilia
520 2047 655 2104 diversa
678 2048 721 2102 de
745 2048 997 2117 experimentis.

193 2183 335 2262 Malagma
364 2183 400 2243 ad
417 2182 529 2244 ‘lateris
558 2193 587 2244 et
610 2185 740 2264 pectoris
764 2183 894 2244 dolorem
920 2191 950 2244 et
973 2183 1117 2262 quidquid
1138 2195 1151 2242 1

105 2272 262 2332 molestum
286 2290 321 2331 en
344 2271 536 2351 perfrictione
558 2272 722 2353 colligitur3
745 2271 821 2332 bene
846 2275 924 2332 enim
949 2271 1065 2333 calfacit
1089 2281 1118 2332 et

104 2361 170 2421 ideo
195 2361 230 2421 ad
254 2379 373 2421 omnem
396 2361 527 2425 dolorem
551 2361 686 2440 prodest,
714 2361 871 2422 conficitur
897 2364 953 2422 sic:
983 2361 1118 2422 Samsuci

63 2467 90 2505 ro
104 2451 222 2510 contusi
242 2451 432 2530 semunciam,
451 2451 505 2510 iris
523 2459 663 2510 contusae
678 2450 766 2531 idem,
781 2453 883 2530 cyperi
898 2452 1015 2511 contusi
1030 2450 1117 2531 idem,

102 2540 219 2598 resinae
248 2537 465 2598 terebinthinae
489 2537 520 2598 P.
541 2537 574 2619 S,
603 2557 688 2599 cerae
711 2537 742 2598 P.
762 2538 788 2620 1,
816 2538 873 2600 olei
897 2541 1012 2619 cyprini
1035 2538 1067 2600 P.
1088 2538 1117 2618 S,

102 2629 164 2686 vini
187 2627 303 2686 Aminei
326 2623 357 2686 fe
377 2625 397 2686 l.
437 2626 470 2686 ln
494 2626 550 2687 hoc
575 2645 650 2706 quae
675 2627 755 2687 arida
780 2637 850 2688 sunt
874 2636 997 2689 contusa
1022 2647 1116 2688 mace·

101 2722 208 2774 rantur
232 2733 291 2774 uno
316 2715 363 2774 die
387 2723 417 2774 et
440 2724 527 2776 noete
552 2734 618 2776 cum
644 2716 723 2796 oleo;
751 2734 819 2776 cera
848 2723 878 2776 et
901 2719 999 2777 resina
1023 2716 1115 2795 lique-

102 2803 178 2862 liunt
201 2803 236 2862 ad
260 2805 373 2882 ignem,
401 2803 507 2864 deinde
531 2805 789 2883 superfunduntur
813 2806 880 2863 vino
905 2812 935 2863 et
958 2807 1115 2882 pigmentis

62 2904 88 2944 ae
103 2894 260 2950 maceratis
285 2887 342 2969 [et]
366 2893 530 2952 miscentur
550 2911 583 2954 ac
603 2892 738 2953 manibus
759 2892 809 2952 diu
830 2891 1018 2968 subiguntur.
1052 2890 1115 2950 Hoc

102 2987 171 3056 post
190 2978 253 3039 dies
269 2976 350 3038 XXX
369 2978 519 3040 efficacius
534 2982 669 3061 prodest3
689 2981 773 3040 initio
789 2980 869 3039 enim
884 2979 1018 3038 umidum
1033 2978 1114 3038 valde

102 3075 148 3127 est
172 3075 202 3127 et
224 3069 272 3127 rix
296 3066 413 3128 inlitum
436 3077 543 3130 manet.

190 3156 332 3234 Malagma
355 3156 391 3216 ad
413 3160 618 3219 contusionem
639 3157 748 3237 lateris,
771 3155 851 3216 idem
871 3155 942 3214 facit
962 3162 992 3214 et
1010 3154 1045 3214 ad
1065 3172 1112 3214 su·
1133 3167 1148 3215 2

102 3255 217 3323 spectas
246 3247 374 3305 vomicas
407 3255 458 3307 aut
486 3248 543 3306 iam
576 3246 668 3307 factas
702 3247 810 3326 aperit,
839 3251 992 3323 praeterea
1026 3240 1114 3324 (ad)

189 3385 291 3450 opone
306 3383 342 3435 et.
385 3381 479 3436 toris.
524 3380 698 3450 epermittit.
742 3379 906 3434 meridiem.
959 3383 992 3432 13
1007 3395 1112 3432 masso-

97 3452 164 3507 lam.
204 3451 450 3507 ltluborantibus.
490 3457 523 3506 18
535 3451 691 3521 collegitur.
730 3457 762 3506 21
775 3449 970 3507 terebintinae.
1008 3455 1041 3504 22
1057 3466 1113 3503 am-

97 3523 191 3580 minei.
240 3529 274 3579 25
295 3524 325 3577 et
342 3524 451 3579 inclusi.
498 3529 533 3578 26
552 3521 709 3581 humidum.
749 3527 785 3578 ‘th
799 3522 842 3580 ad
855 3522 959 3578 addidi
972 3520 1137 3574 seeum

924 3607 985 3662 hb*
