2438 3802
501 167 744 233 -310-

115 334 174 393 ciet
202 331 382 393 observabis.
424 331 464 392 Hi
491 339 561 393 sunt
589 332 777 393 characteres
805 328 956 391 scribendi
983 331 1015 390 in
1040 348 1139 392 aurea

113 420 234 483 lamina:

385 510 495 570 Li!
534 511 646 570 ΜΘ
693 512 786 570 ΚΙ

386 598 495 659 ΒΨ
535 599 647 659 ΜΘ
693 601 786 658 KI

385 686 409 746 L
459 690 494 746 Ψ
533 689 576 746 Μ
620 688 646 748 Θ
691 690 721 746 Κ
765 690 786 746 I
825 690 863 746 A.
1155 704 1168 746 a

62 789 96 838 27
204 776 346 855 Leporini
373 777 515 837 stercoris
543 775 650 854 pilulas
680 782 793 854 septem
817 783 881 835 tere
905 781 934 835 et
958 793 1026 836 cum
1052 775 1142 839 dulci

65 893 79 907 r
114 867 182 926 vino
206 865 300 925 colico
323 882 377 943 per
401 864 534 926 triduum
558 864 593 925 da
617 863 788 925 bibendum.

62 967 95 1016 28
204 952 247 1014 Ad
267 952 325 1014 coli
344 952 461 1014 dolores
480 956 637 1014 mentastri
655 953 733 1032 folia,
753 960 896 1032 quantum
914 953 1011 1014 tribus
1029 954 1139 1033 digitis

115 1042 338 1122 adprehendere
362 1044 510 1124 potueris,
533 1042 619 1103 tolles
642 1043 741 1103 ethis
765 1042 875 1103 adicies
898 1041 1019 1102 feniculi
1044 1047 1138 1105 semi·

113 1133 161 1192 nis
184 1131 321 1192 cocliaria
346 1132 418 1213 duo;
441 1131 514 1193 haec
538 1133 570 1191 in
593 1149 686 1192 unum
710 1149 797 1210 quam
820 1132 1018 1191 minutissime
1039 1140 1137 1214 teres,
1152 1152 1178 1193 ro

113 1221 303 1301 postmodum
323 1221 413 1282 addes
431 1222 493 1283 vini
510 1221 621 1281 veteris
640 1221 745 1299 optimi
759 1219 880 1298 cyathos
896 1227 1048 1298 quattuor,
1066 1229 1137 1282 tum

114 1309 285 1371 calefactam
308 1312 473 1391 potionem,
497 1316 641 1389 quantum
669 1308 780 1386 digitus
807 1311 870 1386 pati
892 1309 1002 1388 possit,
1028 1311 1136 1372 ieiuno

113 1398 272 1459 bibendam
300 1398 397 1479 dabis,
428 1400 569 1459 continuo
597 1406 701 1459 ventos
730 1398 846 1458 emittet
874 1405 904 1458 et
932 1397 1136 1460 deiectionem

114 1488 211 1548 faciet.
258 1487 340 1548 Hanc
369 1505 439 1566 ergo
467 1489 618 1566 potionem
647 1489 672 1547 si
700 1488 767 1566 quis
794 1486 894 1547 triduo
925 1503 998 1546 usus
1028 1486 1135 1570 luerit,

114 1578 248 1656 quamvis
271 1595 374 1655 graves
398 1575 456 1637 coli
479 1575 595 1636 dolores
619 1575 731 1636 evadet.
1149 1593 1175 1635 15

61 1677 95 1727 29
204 1664 346 1726 Gallinam
368 1683 423 1744 per
446 1671 542 1725 totum
565 1663 644 1724 diem
667 1681 683 1723 a
708 1662 774 1724 cibo
797 1663 958 1745 abstinet03
984 1663 1054 1724 dein
1077 1683 1133 1743 po-

115 1762 196 1815 stero
220 1754 268 1815 die
292 1773 360 1815 cum
384 1772 448 1814 eam
472 1752 626 1832 occideris,
650 1770 738 1813 crura
763 1754 826 1812 eius
848 1770 917 1812 cum
935 1752 995 1812 sale
1014 1762 1044 1814 et
1063 1753 1134 1815 oleo

114 1845 242 1904 inassato
271 1850 302 1904 et
328 1845 429 1903 ieiuno
458 1841 564 1922 colico,
593 1843 645 1920 qui
671 1859 703 1902 se
731 1841 827 1920 pridie
851 1840 917 1901 cibo
941 1840 1134 1926 abstinuerit,

113 1933 317 1993 manducanda
340 1932 417 2014 dato,
440 1931 565 1992 mirifice
588 1930 746 2010 prolueris.

61 2034 95 2084 30
204 2020 365 2101 Corydalus
389 2022 459 2098 avis,
482 2020 512 2082 id
536 2027 582 2081 est
601 2038 676 2100 quae
695 2019 799 2080 alauda
817 2026 948 2100 vocatur,
972 2037 1047 2098 quae
1067 2023 1132 2083 ani·
1148 2039 1175 2079 ro

115 2129 179 2171 mos
202 2111 356 2172 hominum
380 2109 529 2171 dulcidine
553 2111 634 2170 vocis
658 2107 794 2188 oblectat,
818 2126 887 2168 cum
905 2127 959 2168 sua
977 2107 1078 2186 pluma
1097 2112 1133 2171 in

115 2217 184 2259 vaso
208 2197 292 2259 lictili
315 2207 436 2278 gypsato
460 2201 492 2258 in
515 2198 603 2258 furno
626 2199 723 2277 posito
747 2199 787 2257 ita
807 2196 993 2276 conburitur,
1017 2205 1051 2258 ut
1069 2201 1134 2260 teri

114 2290 222 2368 possit3
255 2289 400 2347 contritae
433 2293 532 2346 autem
564 2288 758 2346 tenuissimus
784 2284 881 2365 pulvis
909 2287 1067 2365 reponitur
1100 2297 1134 2349 et

115 2393 183 2435 cum
213 2393 288 2452 opus
315 2375 420 2455 luerit,
448 2391 484 2433 ex
511 2391 545 2432 eo
569 2373 705 2433 cocliaria
729 2374 787 2434 duo
811 2374 857 2434 vel
880 2375 938 2434 tria
961 2393 1029 2434 cum
1053 2393 1133 2454 aqua

115 2461 208 2522 calida
227 2461 432 2541 pertriduum
451 2469 503 2521 aut
522 2460 720 2540 quadriduum
737 2461 858 2544 dantur3
877 2462 1052 2524 incredibile
1072 2464 1131 2526 hoc
1146 2482 1174 2523 rr

114 2548 216 2610 culicis
235 2549 410 2630 remedium,
430 2549 509 2628 quod
528 2549 601 2609 adeo
620 2549 750 2630 prodest,
769 2558 803 2611 ut
819 2555 918 2613 omnia
932 2552 1133 2614 medicamina

113 2640 220 2699 merito
244 2656 386 2718 superare
410 2638 554 2702 videatur.

62 2741 95 2790 31
205 2726 328 2788 Stercus
351 2746 499 2808 aprunum
521 2746 628 2790 recens
651 2729 682 2788 in
706 2747 782 2808 aqua
804 2732 963 2790 remissum
986 2728 1131 2791 colatum·

116 2835 173 2896 que
197 2836 265 2879 cum
290 2817 378 2879 mulsi
401 2818 505 2900 cotylis
524 2817 620 2880 tribus
640 2826 669 2878 et
687 2820 800 2898 piperis
819 2820 940 2879 contriti
958 2820 1059 2897 granis
1078 2817 1133 2879 LX

114 2909 232 2968 intres
255 2909 391 2986 potiones
415 2909 541 2970 divisum
565 2907 776 2987 pertriduum
800 2907 899 2988 datur,
923 2909 1020 2967 itaut
1043 2909 1175 2985 priusso

116 3015 224 3076 corpus
253 2999 318 3058 eius
347 2996 445 3079 colici,
473 2999 524 3058 cui
545 2998 628 3076 potio
652 2997 746 3057 danda
769 3004 824 3076 est,
847 3014 938 3074 acopo
961 3013 1132 3075 perungua-

117 3096 174 3167 tur,
197 3093 231 3146 ut
254 3087 464 3165 perfrictiones
488 3104 591 3146 omnes
612 3093 714 3146 coacto
734 3084 842 3144 sudore
862 3083 1028 3164 discedant3
1051 3087 1132 3146 miro

63 3185 97 3234 Μ
116 3174 248 3235 remedio
273 3175 433 3236 sanabitur.
470 3174 613 3235 Suciuum
638 3173 745 3234 tundes
769 3181 853 3232 etex
873 3173 937 3232 eius
956 3171 1049 3232 farina
1069 3173 1132 3234 duo

115 3262 252 3324 cocliaria
281 3283 349 3325 cum
377 3282 451 3342 aqua
480 3281 540 3322 non
568 3264 693 3323 nimium
721 3262 848 3322 ferventi
875 3259 1003 3321 bibenda
1034 3261 1131 3324 colico

206 3400 403 3454 tearecteres.
451 3399 600 3453 deterens.
648 3395 908 3466 badpraehindere.
961 3402 993 3451 13
1013 3397 1130 3455 emittit.

117 3473 150 3522 14
166 3468 291 3537 potione.
402 3475 434 3524 15
454 3469 556 3523 eradat
575 3474 623 3522 1m
641 3467 743 3523 evadet
760 3472 819 3524 2m.
925 3473 957 3523 17
978 3484 1041 3523 com
1060 3468 1130 3526 sale.

103 3543 142 3590 20
160 3537 323 3598 eoridallua.
400 3539 520 3598 animus.
593 3544 629 3595 29
649 3537 751 3595 cottiis.
821 3539 887 3610 biit
901 3538 973 3592 hXh
991 3540 1061 3609 (sic).
