2438 3802
517 149 736 214 ..36-

103 317 242 394 30031300
270 313 408 392 obstipet.
456 311 488 373 Si
511 310 595 372 dolor
619 329 655 372 ex
679 310 803 372 cerebro
826 313 979 392 gignetur,
1007 311 1135 372 hederae

122 403 191 464 lolia
219 409 334 482 septem
362 410 392 463 ot
420 401 542 462 nucleos
569 407 712 480 purgatos
740 418 776 460 ax
803 401 930 478 persicis
958 409 1071 478 septem
1092 418 1135 461 ex

122 491 187 552 oleo
220 499 251 553 et
283 498 367 553 aceto
401 491 550 569 decoques
583 491 755 568 pariterque
783 497 922 550 conteres
949 497 1038 567 atque
1066 489 1136 550 inde

69 591 102 643 '13
121 588 257 661 tempora
280 587 311 640 et
333 580 463 640 frontem
486 577 614 638 dolentis
637 576 776 638 obdures
813 576 890 639 liuta
913 580 984 638 trita
1003 585 1087 638 aceto
1107 586 1138 638 et

123 669 187 731 oleo
211 687 334 729 rosaceo
354 670 445 728 mixta
464 667 590 727 mirifice
610 666 743 726 dolorem
761 667 867 745 capitis
886 669 993 727 avertit
1012 666 1167 727 cerebroa

70 757 169 818 14001
196 756 382 836 temporibus
410 756 517 816 inlusa.
565 754 660 833 Caput
683 757 772 816 ocimi
795 756 900 816 tritum
923 774 991 816 cum
1014 773 1138 817 rosaceo

70 845 188 907 moloc
212 854 263 908 aut
285 852 400 924 myrteo
422 854 452 905 et
470 851 553 904 30030
573 844 666 904 fronti
684 845 851 904 rectissime
870 845 1032 923 inponitur.
1071 844 1139 904 Ser·

122 932 237 1014 pullum
260 933 417 994 decoctum
440 951 476 994 ex
500 941 584 994 30030
608 941 638 992 03
661 935 767 994 tritum
790 941 872 994 recte
891 935 1047 1012 inponitur
1065 941 1139 994 tem·

69 1034 104 1084 tc
121 1021 247 1102 poribus
266 1030 300 1082 ot
316 1022 416 1083 fronti.
453 1021 568 1083 Corona
588 1021 625 1082 de
642 1021 741 1100 puleio
755 1022 879 1101 prodest
892 1025 983 1101 capiti
1001 1024 1139 1102 inposita,

70 1123 103 1172 31
123 1113 149 1172 si
172 1120 285 1172 terrem
308 1129 367 1171 non
390 1119 500 1190 tangat.
546 1110 578 1170 Si
600 1109 731 1171 difficilis
754 1129 878 1171 somnus
907 1119 953 1172 ost
976 1130 1012 1171 ex
1036 1111 1180 1171 dolorem

123 1201 239 1282 capitis,
262 1199 327 1261 oleo
351 1198 536 1280 amygdalino
559 1206 650 1278 caput
673 1217 785 1277 ungere
807 1207 926 1278 oportet
945 1209 974 1261 ot
993 1208 1140 1280 tempora3

69 1326 71 1331 ·
123 1288 299 1351 nucleorum
327 1307 398 1349 vero
425 1290 537 1368 persici
568 1288 753 1349 farinarum
776 1287 864 1347 melle
887 1296 917 1348 et
940 1296 1023 1349 aceto
1048 1289 1142 1349 fronti

123 1377 207 1439 inlita
235 1378 372 1459 prodest3
400 1376 500 1438 nuclei
528 1395 647 1456 quoque
671 1375 849 1456 amygdalini
871 1379 936 1438 triti
959 1377 1073 1438 utiliter
1096 1379 1140 1437 in·

71 1476 105 1527 18
124 1474 293 1547 ponuntur,
322 1469 412 1527 etiam
435 1469 468 1526 in
491 1465 633 1526 febribus.
678 1464 773 1525 Β3030
795 1464 871 1526 lauri
894 1468 991 1545 inpari
1015 1484 1140 1526 numero

72 1565 106 1616 19
125 1557 157 1616 in
177 1555 242 1616 oleo
262 1557 410 1616 contritae
428 1563 459 1614 et
478 1556 567 1632 capiti
586 1553 687 1614 inlitae
706 1561 811 1615 sanant
829 1553 970 1616 dolorem.
1007 1553 1141 1615 Hederae
1157 1573 1182 1615 13

126 1642 195 1704 10113
219 1643 391 1704 mollissima
414 1643 485 1703 trita
508 1660 544 1702 ex
568 1651 652 1702 aceto
672 1650 702 1702 et
719 1660 841 1703 rosaceo
861 1643 1004 1703 adversus
1023 1661 1142 1704 omnem

71 1741 107 1794 80
126 1731 260 1792 dolorem
289 1732 381 1792 fronti
407 1729 584 1791 inlinuntur.
638 1729 788 1791 Ponaceae
817 1731 901 1792 radix
923 1733 955 1792 in
978 1731 1043 1792 oleo
1067 1735 1142 1793 inte·

72 1830 106 1882 81
126 1822 206 1880 ritur
231 1826 262 1880 et
285 1819 392 1880 deinde
415 1820 506 1897 capiti
528 1818 698 1880 instillatur.
741 1818 815 1880 Ossa
839 1820 876 1881 de
899 1823 995 1898 capite
1015 1820 1142 1882 vulturis

72 1907 243 1987 stelligeri
265 1908 388 1986 prodest
410 1910 500 1987 capiti
523 1907 643 1969 dolenti.
680 1907 866 1969 Gallinaceus
890 1908 989 1988 pullus
1008 1909 1142 1971 inclusus

126 1996 297 2058 abstinetur
324 2004 412 2058 nocte
436 1996 551 2078 aldio,
579 1997 686 2058 deinde
709 1999 775 2059 eius
798 1996 951 2076 gallinacei
974 1998 1073 2077 pluma
1096 1998 1143 2059 vel
1156 2018 1183 2059 00

126 2088 218 2148 crista
255 2085 393 2166 alligatur
425 2085 462 2146 ad
489 2085 598 2148 collum
626 2094 677 2147 aut
704 2085 833 2147 dolentis
862 2094 952 2167 caput
979 2105 1013 2147 ac
1041 2089 1141 2146 statim

73 2186 107 2236 88
126 2176 272 2237 medetur.
319 2173 466 2237 Surculus
496 2193 532 2235 ex
561 2175 631 2235 nido
654 2174 736 2235 milri
757 2174 878 2255 pulvino
902 2175 1029 2236 dolentis
1052 2181 1142 2253 caput

69 2274 108 2324 »84
127 2265 334 2343 superpositus
353 2263 483 2342 prodest
528 2261 714 2323 lllurinarum
733 2262 858 2341 pellium
875 2271 1046 2325 exustarum
1064 2265 1142 2324 cinis

73 2363 107 2413 85
128 2369 163 2411 ex
187 2357 271 2412 aceto
294 2351 387 2411 ironti
410 2350 513 2411 inlitus
534 2351 664 2429 prodest
703 2350 826 2412 Cocleao
845 2355 1024 2413 matutinum
1042 2370 1142 2413 rorem

126 2440 276 2518 0330011313
306 2446 399 2517 caput
424 2437 570 2499 arundine
600 2441 783 2518 praeciditur
811 2449 842 2500 03
868 2443 900 2502 10
927 2440 1048 2502 11030010
1072 2440 1141 2501 11010
1157 2458 1183 2499 30

73 2539 107 2589 88
126 2525 264 2606 alligatur
288 2525 423 2605 colloque
446 2527 654 2609 suspenditur,
678 2531 819 2590 continuo
842 2529 988 2590 medetur.
1034 2528 1142 2590 Fracto

127 2617 218 2694 capiti
248 2614 306 2677 3013
333 2616 435 2677 aranei
461 2634 498 2676 ex
526 2614 646 2677 010003
677 2625 762 2678 30030
785 2619 913 2697 inposita
937 2636 997 2679 non
1019 2617 1142 2697 recedit,

72 2706 187 2765 833101
210 2704 366 2765 sanaverit.
404 2702 495 2764 Corui
517 2707 631 2765 cervini
654 2707 752 2766 onusti
775 2708 851 2766 cinis
873 2706 977 2768 inlitus
996 2707 1088 2767 fronti
1106 2724 1142 2765 ex

73 2802 108 2854 88
128 2801 211 2855 30030
235 2801 265 2855 03
287 2810 410 2854 rosaceo
431 2792 561 2872 prodest.
598 2793 708 2856 Lanam
727 2794 859 2856 oviculae
878 2796 915 2856 de
933 2797 1013 2858 inter
1031 2794 1143 2855 femora

127 2882 218 2944 velles
250 2889 281 2944 et
312 2883 344 2943 in
376 2889 460 2944 aceto
491 2884 643 2963 intingues
675 2891 706 2945 et
733 2901 824 2964 super
852 2892 986 2965 tempora
1014 2883 1143 2945 dolentis
1157 2901 1184 2942 oo

74 2982 108 3034 88
127 2972 241 3053 ligabis.
287 2971 397 3033 Lanam
432 2973 534 3035 arietis
567 2973 603 3034 de
631 2973 729 3034 fronte
757 2973 848 3034 valles
876 2981 907 3034 et
935 2973 1084 3035 conburos
1113 2976 1145 3034 in

129 3062 271 3143 operculo
299 3060 374 3123 01130
401 3080 477 3123 novo
505 3069 536 3123 et
563 3064 594 3123 in
622 3063 764 3122 mortario
792 3061 971 3122 confricabis
995 3069 1084 3142 atque
1108 3081 1145 3123 ex

76 3161 111 3212 90
130 3160 213 3214 30030
232 3152 324 3213 fronti
340 3149 458 3212 inlines.
487 3148 623 3211 Sertulae
637 3149 802 3228 Campanae
817 3149 991 3211 fasciculum
1007 3169 1043 3212 ex
1059 3160 1144 3212 aceto

76 3249 110 3298 91
130 3240 281 3320 daooques
303 3247 334 3300 et
356 3239 448 3299 fronti
471 3236 587 3298 inlines.
625 3237 720 3318 Caput
742 3239 769 3298 si
791 3237 892 3298 dolere
915 3241 1062 3320 coeperit,
1089 3258 1144 3300 oro

202 3379 234 3427 11
254 3372 361 3442 ungari.
431 3378 463 3426 18
482 3372 608 3441 prosunt.
680 3372 863 3428 111311οή101
883 3374 934 3443 (010
951 3375 1060 3443 codexl:
1080 3389 1145 3429 oon·

129 3443 232 3499 teritur
250 3442 411 3498 (dormisses.
500 3447 535 3497 23
554 3458 739 3500 murenarum.
821 3444 951 3500 8801130
1041 3461 1076 3500 ex
1093 3461 1143 3500 om.

131 3518 165 3567 88
184 3512 355 3568 lasoioolum.
429 3517 464 3571 ot
482 3511 652 3582 deqnoquas.
