2438 3802
504 165 718 230 -22..

102 347 171 390 cum
186 328 334 389 desiderio
349 330 488 410 recentis,
503 346 562 406 quo
576 327 773 408 cruciabatur,
788 336 883 388 totum
899 328 978 408 quod
993 331 1021 388 ei
1036 328 1114 389 obla·

102 418 193 479 latum
217 417 314 478 fuerat
338 416 492 497 ebibisset,
520 424 658 477 auctores
684 416 846 477 medicinae
871 419 982 498 magni,
1010 417 1114 496 quiid

103 505 288 587 spectabant,
318 505 569 567 exclamaverunt:
606 504 750 566 Occidisti
781 504 940 566 hominem.
982 505 1115 566 Necdum

102 614 158 656 vox
188 613 292 656 eorum
321 594 357 655 ab
386 613 437 655 ore
469 601 656 673 manaverat,
689 612 706 654 e
739 596 864 673 vestigio
897 613 965 655 eum
994 613 1115 655 somnus

102 686 258 763 occupavit
276 683 426 762 sudorque
445 682 584 763 perfudit.
615 681 730 754 Quibus
749 701 804 762 ego
818 682 1034 762 praesentibus,
1056 683 1143 744 cle-s

102 775 285 833 mentissime
314 775 489 853 imperator,
519 773 610 832 tantis
640 772 760 832 sudoris
788 773 851 832 eius
880 771 1115 833 abstersionibus

102 861 241 941 laboravi,
265 868 307 941 ut,
332 863 357 921 si
376 861 436 922 dici
455 861 499 921 fas
518 862 565 940 sit,
584 859 669 921 Nilus
688 879 723 920 ex
743 863 807 921 eius
821 878 948 940 corpore
962 861 1115 922 videretur

66 949 233 1010 4effluere.
275 949 385 1010 Verum
414 968 482 1010 cum
511 967 598 1027 aeger
632 951 858 1028 expergefactus
887 960 1053 1010 recreatum
1083 967 1114 1010 se

103 1039 242 1117 extinctis
265 1038 400 1099 febribus
424 1048 454 1099 et
471 1037 508 1098 ab
528 1039 698 1098 infirmitate
718 1038 858 1099 leviorem
878 1056 943 1098 esse
964 1039 1114 1119 sensisset,

102 1130 214 1188 ventris
238 1130 326 1188 etiam
350 1129 448 1207 coepit
471 1127 619 1187 desiderio
643 1126 835 1187 vehementer
858 1129 968 1205 urgeri.
1010 1125 1155 1188 Adlato1o

101 1219 201 1296 itaque
226 1216 344 1278 vasculo
369 1234 454 1276 omne
479 1215 647 1295 aldonus,
671 1233 730 1294 quo
754 1215 943 1296 gravabatur,
969 1218 1115 1296 exposuit,

102 1305 138 1365 ad
166 1312 226 1365 tam
250 1305 348 1366 dirum
375 1306 514 1386 fetorem,
543 1313 577 1364 ut
605 1322 707 1364 omncs
732 1306 783 1382 qui
805 1303 866 1364 illio
889 1305 1012 1365 aderant
1034 1305 1114 1383 fuga-

101 1402 216 1475 rentur,
236 1393 405 1456 dicentibus
423 1395 553 1473 egregiis
571 1393 703 1474 medicis,
725 1393 803 1472 qnod
824 1395 921 1454 omnia
941 1395 1005 1454 eius
1024 1395 1115 1454 inter-

102 1501 174 1544 anea
197 1485 394 1561 putruissent.
433 1483 504 1543 Post
526 1481 599 1542 haeo
623 1501 639 1542 a
663 1499 710 1542 me
734 1499 823 1560 aeger
846 1482 882 1542 ad
906 1482 1025 1542 balneas
1048 1485 1115 1544 mit·

101 1573 189 1652 titur,
217 1579 251 1632 nt
284 1571 398 1632 lavacro
428 1573 492 1631 eius
522 1572 640 1631 siccitas
664 1572 822 1650 umigetur.
871 1570 928 1640 Qui
951 1581 1115 1649 perunctus
1130 1587 1155 1627 1⁶

102 1662 263 1738 unguentis
290 1658 545 1738 remediabilibus,
575 1677 643 1719 cum
675 1667 744 1738 post
773 1659 911 1720 balneum
939 1662 1115 1721 vestImenta

102 1750 279 1828 accepisset,
309 1749 392 1808 sitire
419 1766 451 1807 se
481 1747 568 1828 dixit,
596 1749 695 1808 statim
719 1766 788 1808 eum
811 1748 972 1828 absinthio,
1000 1750 1031 1808 in
1057 1768 1115 1828 quo

102 1835 271 1916 libysticum
299 1837 396 1897 fuerat
424 1836 593 1917 decoctum,
620 1854 813 1916 progressum
839 1855 855 1898 a
879 1837 983 1897 balneo
1006 1840 1115 1918 potavi,

102 1943 139 1985 ne
159 1924 230 2004 quid
249 1927 429 1986 causationis
447 1927 477 1986 in
498 1925 675 2004 corpusculo
694 1927 759 1986 eius
778 1935 920 2007 maneret,
940 1945 998 2005 quio
1018 1929 1115 1988 vesica

103 2013 229 2096 scybalis
256 2014 303 2076 vel
331 2013 479 2095 lapidibus
506 2033 560 2094 per
588 2016 683 2074 vicina
710 2013 774 2074 loca
805 2014 972 2075 meantibus
999 2034 1115 2094 preme·
1129 2030 1156 2070 so

67 2114 83 2162 o
102 2111 195 2165 retur.
232 2103 375 2183 Praecepi
398 2106 486 2166 etiam
509 2105 538 2164 ei
560 2121 658 2164 escam
681 2103 747 2163 fieri
771 2103 807 2163 de
831 2103 1023 2164 minutalibus
1046 2122 1115 2182 por·

103 2195 187 2274 cinis,
211 2193 240 2253 id
265 2201 311 2254 est
329 2193 492 2272 podocyliis
512 2190 738 2272 etventricu103
761 2193 792 2251 in
812 2210 901 2271 quem
916 2191 1114 2252 ventriculum

102 2291 219 2341 acetum
247 2283 426 2360 cyminatum
454 2280 571 2341 modico
602 2279 716 2340 adiecto
744 2279 839 2340 lasere
867 2282 946 2342 mitti
970 2281 1114 2362 mandavi,

102 2376 136 2428 ut
159 2370 278 2429 omnino
303 2378 422 2430 excocta
447 2386 515 2429 caro
534 2370 623 2429 etiam
643 2386 780 2430 ossorum
799 2369 939 2430 duritiam
959 2370 1115 2451 emolliret,

102 2466 136 2517 ut
155 2456 251 2517 soluta
271 2475 375 2519 eorum
393 2457 521 2517 medulla
540 2475 608 2518 cum
627 2458 692 2517 iure
711 2459 776 2537 ipso
795 2457 1016 2520 absorberetur.
1049 2459 1114 2519 Non
1128 2471 1154 2512 2⁶

102 2544 225 2606 dubium
250 2552 296 2606 est
316 2554 424 2626 autem,
443 2547 554 2625 optime
573 2548 743 2626 imperator,
764 2547 843 2626 quod
862 2566 898 2607 ex
916 2547 1114 2626 indigestione

102 2641 293 2695 externarum
321 2634 626 2714 erudissimarumque
657 2635 846 2714 crapularum
878 2635 924 2696 vel
957 2636 1114 2714 superfusa

102 2723 212 2783 diversi
234 2725 386 2784 nimietate
412 2726 472 2784 vini
496 2723 617 2802 repletis
641 2731 671 2784 et
697 2743 791 2803 paene
819 2723 1003 2786 tumentibus
1031 2726 1114 2784 venis

101 2821 190 2891 potus
222 2814 254 2872 in
287 2811 452 2874 visceribus
481 2820 681 2893 amarescunt,
714 2813 849 2874 aufertur
877 2831 1013 2895 somnus,
1046 2812 1114 2873 sub-

100 2903 237 2980 sequitur
256 2901 337 2962 calor
356 2911 444 2982 atque
462 2901 646 2964 occultarum
666 2901 793 2964 febrium
812 2905 906 2982 pestis
926 2912 956 2964 et
970 2903 1115 2984 quaedam
1129 2914 1156 2954 ⁸0

100 2990 227 3052 frenesis
246 2991 335 3070 pulsu
354 2991 512 3053 cerebrum
531 2993 685 3072 inquietat,
705 3001 808 3051 venter
825 2991 967 3072 durescit,
987 2995 1039 3071 qui
1057 2995 1115 3053 iam

100 3078 212 3141 dudum
243 3081 355 3142 crudus
382 3081 514 3161 repletus
544 3081 653 3162 fuerat,
684 3078 918 3140 enumerantibus
947 3080 1036 3162 cibis,
1065 3083 1117 3160 qui

100 3167 172 3228 dum
201 3179 421 3250 excoquuntur,
450 3170 634 3247 consumptis
665 3186 740 3248 quae
768 3167 867 3229 umida
895 3176 978 3244 sunt,
1003 3170 1117 3230 inflam-

173 3322 275 3394 1quo]
295 3338 358 3390 qua.
425 3320 584 3391 aperfooit
602 3327 658 3375 1m.
725 3328 756 3375 13
775 3320 903 3377 indemne
921 3327 937 3376 1
944 3339 970 3376 m
989 3337 1004 3375 e
1024 3322 1117 3376 littera

100 3395 294 3462 superscripto.
368 3397 401 3446 15
420 3391 577 3462 perductus.
648 3390 837 3447 181ibestico.
905 3398 937 3446 19
957 3391 1053 3446 vesica
1066 3396 1116 3444 lm

103 3460 204 3518 'riarioa
221 3469 281 3520 2m.
377 3469 410 3516 21
431 3462 470 3533 ei]
489 3463 525 3516 et.
626 3468 660 3516 22
680 3462 825 3532 podocylis
915 3462 1011 3531 quem]
1031 3460 1114 3530 qnod.

107 3532 136 3584 rt
155 3549 279 3588 ossomm
299 3534 368 3604 (aio).
433 3533 583 3589 emolisset.
645 3537 679 3587 28
698 3549 777 3603 pene.
837 3539 871 3588 33
891 3534 1114 3601 exquoquuntur.
