<?xml version="1.0" encoding="UTF-8"?>
<!DOCTYPE html PUBLIC "-//W3C//DTD XHTML 1.0 Transitional//EN"
    "http://www.w3.org/TR/xhtml1/DTD/xhtml1-transitional.dtd">
<html xmlns="http://www.w3.org/1999/xhtml" xml:lang="en" lang="en">
 <head>
  <title>
</title>
<meta http-equiv="Content-Type" content="text/html;charset=utf-8" />
  <meta name='ocr-system' content='tesseract 3.04.00' />
  <meta name='ocr-capabilities' content='ocr_page ocr_carea ocr_par ocr_line ocrx_word'/>
</head>
<body>
  <div class='ocr_page' id='page_1' title='image "./marcellidemedic01helmgoog_0313.png"; bbox 0 0 2438 3802; ppageno 0'>
   <div class='ocr_carea' id='block_1_1' title="bbox 514 153 752 218">
    <p class='ocr_par' dir='ltr' id='par_1_1' title="bbox 514 153 752 218">
     <span class='ocr_line' id='line_1_1' title="bbox 514 153 752 218; baseline 0.004 -1"><span class='ocrx_word' id='word_1_1' title='bbox 514 153 752 218; x_wconf 81' lang='lat'>-302-</span> 
     </span>
    </p>
   </div>
   <div class='ocr_carea' id='block_1_2' title="bbox 513 332 757 394">
    <p class='ocr_par' dir='ltr' id='par_1_2' title="bbox 513 332 757 394">
     <span class='ocr_line' id='line_1_2' title="bbox 513 332 757 394; baseline -0.004 -1"><span class='ocrx_word' id='word_1_2' title='bbox 513 333 592 394; x_wconf 76' lang='lat' dir='ltr'><strong>CAP.</strong></span> <span class='ocrx_word' id='word_1_3' title='bbox 617 332 757 394; x_wconf 87' lang='lat' dir='ltr'><strong>XXVIIII.</strong></span> 
     </span>
    </p>
   </div>
   <div class='ocr_carea' id='block_1_3' title="bbox 125 443 1148 604">
    <p class='ocr_par' dir='ltr' id='par_1_3' title="bbox 125 443 1148 604">
     <span class='ocr_line' id='line_1_3' title="bbox 125 443 1148 515; baseline -0.002 -11"><span class='ocrx_word' id='word_1_4' title='bbox 125 448 181 504; x_wconf 80' lang='lat' dir='ltr'><strong>Ad</strong></span> <span class='ocrx_word' id='word_1_5' title='bbox 200 447 315 503; x_wconf 84' lang='lat' dir='ltr'><strong>colum</strong></span> <span class='ocrx_word' id='word_1_6' title='bbox 334 450 369 504; x_wconf 84' lang='lat' dir='ltr'><strong>et</strong></span> <span class='ocrx_word' id='word_1_7' title='bbox 387 447 430 502; x_wconf 86' lang='lat' dir='ltr'><strong>ed</strong></span> <span class='ocrx_word' id='word_1_8' title='bbox 448 445 540 500; x_wconf 89' lang='lat' dir='ltr'><strong>ileon</strong></span> <span class='ocrx_word' id='word_1_9' title='bbox 557 445 709 500; x_wconf 84' lang='lat' dir='ltr'><strong>remedie</strong></span> <span class='ocrx_word' id='word_1_10' title='bbox 722 444 864 515; x_wconf 77' lang='lat' dir='ltr'><strong>physice</strong></span> <span class='ocrx_word' id='word_1_11' title='bbox 882 447 917 499; x_wconf 83' lang='lat' dir='ltr'><strong>et</strong></span> <span class='ocrx_word' id='word_1_12' title='bbox 929 443 1148 502; x_wconf 82' lang='lat' dir='ltr'><strong>rationabilia</strong></span> 
     </span>
     <span class='ocr_line' id='line_1_4' title="bbox 396 533 870 604; baseline -0.002 -14"><span class='ocrx_word' id='word_1_13' title='bbox 396 533 530 590; x_wconf 79' lang='lat' dir='ltr'><strong>diversa</strong></span> <span class='ocrx_word' id='word_1_14' title='bbox 552 535 595 589; x_wconf 88' lang='lat' dir='ltr'><strong>de</strong></span> <span class='ocrx_word' id='word_1_15' title='bbox 619 533 870 604; x_wconf 79' lang='lat' dir='ltr'><strong>experimentis.</strong></span> 
     </span>
    </p>
   </div>
   <div class='ocr_carea' id='block_1_4' title="bbox 22 668 1184 3312">
    <p class='ocr_par' dir='ltr' id='par_1_4' title="bbox 91 668 1147 838">
     <span class='ocr_line' id='line_1_5' title="bbox 91 668 1147 750; baseline -0.001 -17"><span class='ocrx_word' id='word_1_16' title='bbox 91 685 105 733; x_wconf 94' lang='lat'>1</span> <span class='ocrx_word' id='word_1_17' title='bbox 216 672 294 732; x_wconf 89' lang='lat' dir='ltr'><strong>Bene</strong></span> <span class='ocrx_word' id='word_1_18' title='bbox 318 672 390 731; x_wconf 90' lang='lat' dir='ltr'><strong>lacit</strong></span> <span class='ocrx_word' id='word_1_19' title='bbox 413 669 448 729; x_wconf 89' lang='lat' dir='ltr'><strong>ad</strong></span> <span class='ocrx_word' id='word_1_20' title='bbox 472 669 560 750; x_wconf 89' lang='lat' dir='ltr'><strong>ileon,</strong></span> <span class='ocrx_word' id='word_1_21' title='bbox 585 671 664 749; x_wconf 93' lang='lat' dir='ltr'><strong>quod</strong></span> <span class='ocrx_word' id='word_1_22' title='bbox 685 671 788 730; x_wconf 89' lang='lat' dir='ltr'><strong>vitium</strong></span> <span class='ocrx_word' id='word_1_23' title='bbox 808 677 854 730; x_wconf 86' lang='lat' dir='ltr'><strong>est</strong></span> <span class='ocrx_word' id='word_1_24' title='bbox 871 668 985 730; x_wconf 86' lang='lat' dir='ltr'><strong>inflatio</strong></span> <span class='ocrx_word' id='word_1_25' title='bbox 1003 673 1147 732; x_wconf 83' lang='lat' dir='ltr'><strong>tenuium</strong></span> 
     </span>
     <span class='ocr_line' id='line_1_6' title="bbox 126 757 1147 838; baseline 0 -17"><span class='ocrx_word' id='word_1_26' title='bbox 126 762 345 838; x_wconf 78' lang='lat' dir='ltr'><strong>Intestmorum,</strong></span> <span class='ocrx_word' id='word_1_27' title='bbox 369 757 484 836; x_wconf 82' lang='lat' dir='ltr'><strong>galbani</strong></span> <span class='ocrx_word' id='word_1_28' title='bbox 508 757 533 817; x_wconf 84' lang='lat' dir='ltr'><strong>ll</strong></span> <span class='ocrx_word' id='word_1_29' title='bbox 558 760 690 819; x_wconf 84' lang='lat' dir='ltr'>semissis</span> <span class='ocrx_word' id='word_1_30' title='bbox 714 757 881 838; x_wconf 84' lang='lat' dir='ltr'><strong>devoratus,</strong></span> <span class='ocrx_word' id='word_1_31' title='bbox 905 758 957 819; x_wconf 91' lang='lat' dir='ltr'><strong>sed</strong></span> <span class='ocrx_word' id='word_1_32' title='bbox 981 760 1014 818; x_wconf 91' lang='lat' dir='ltr'><strong>in</strong></span> <span class='ocrx_word' id='word_1_33' title='bbox 1036 759 1147 838; x_wconf 86' lang='lat' dir='ltr'>pilulas</span> 
     </span>
    </p>

    <p class='ocr_par' dir='ltr' id='par_1_5' title="bbox 33 846 1147 1014">
     <span class='ocr_line' id='line_1_7' title="bbox 33 846 1147 927; baseline 0.001 -19"><span class='ocrx_word' id='word_1_34' title='bbox 33 865 38 875; x_wconf 71' lang='lat'><strong><em>¹</em></strong></span> <span class='ocrx_word' id='word_1_35' title='bbox 126 849 238 908; x_wconf 90' lang='lat' dir='ltr'><strong>divisus</strong></span> <span class='ocrx_word' id='word_1_36' title='bbox 267 848 340 907; x_wconf 92' lang='lat' dir='ltr'><strong>duas</strong></span> <span class='ocrx_word' id='word_1_37' title='bbox 369 846 414 907; x_wconf 89' lang='lat' dir='ltr'><strong>vel</strong></span> <span class='ocrx_word' id='word_1_38' title='bbox 441 854 523 927; x_wconf 81' lang='lat' dir='ltr'><strong>tres3</strong></span> <span class='ocrx_word' id='word_1_39' title='bbox 552 855 650 907; x_wconf 88' lang='lat' dir='ltr'><strong>movet</strong></span> <span class='ocrx_word' id='word_1_40' title='bbox 677 848 756 906; x_wconf 93' lang='lat' dir='ltr'><strong>enim</strong></span> <span class='ocrx_word' id='word_1_41' title='bbox 784 854 904 907; x_wconf 86' lang='lat' dir='ltr'><strong>ructum</strong></span> <span class='ocrx_word' id='word_1_42' title='bbox 931 854 962 907; x_wconf 87' lang='lat' dir='ltr'><strong>et</strong></span> <span class='ocrx_word' id='word_1_43' title='bbox 988 848 1147 910; x_wconf 86' lang='lat' dir='ltr'><strong>interdum</strong></span> 
     </span>
     <span class='ocr_line' id='line_1_8' title="bbox 126 935 853 1014; baseline 0.001 -20"><span class='ocrx_word' id='word_1_44' title='bbox 126 935 217 995; x_wconf 83' lang='lat' dir='ltr'><strong>deIcit</strong></span> <span class='ocrx_word' id='word_1_45' title='bbox 240 943 362 994; x_wconf 89' lang='lat' dir='ltr'><strong>ventum</strong></span> <span class='ocrx_word' id='word_1_46' title='bbox 384 935 525 995; x_wconf 89' lang='lat' dir='ltr'><strong>deorsum</strong></span> <span class='ocrx_word' id='word_1_47' title='bbox 548 943 637 1014; x_wconf 86' lang='lat' dir='ltr'><strong>atque</strong></span> <span class='ocrx_word' id='word_1_48' title='bbox 660 936 701 996; x_wconf 88' lang='lat' dir='ltr'><strong>ita</strong></span> <span class='ocrx_word' id='word_1_49' title='bbox 724 935 853 1014; x_wconf 90' lang='lat' dir='ltr'><strong>prodest.</strong></span> 
     </span>
    </p>

    <p class='ocr_par' dir='ltr' id='par_1_6' title="bbox 90 1022 1184 1634">
     <span class='ocr_line' id='line_1_9' title="bbox 90 1022 1172 1106; baseline -0.001 -24"><span class='ocrx_word' id='word_1_50' title='bbox 90 1037 106 1082; x_wconf 83' lang='lat'>2</span> <span class='ocrx_word' id='word_1_51' title='bbox 213 1023 258 1085; x_wconf 82' lang='lat' dir='ltr'><strong>Ad</strong></span> <span class='ocrx_word' id='word_1_52' title='bbox 282 1023 362 1083; x_wconf 93' lang='lat' dir='ltr'><strong>idem</strong></span> <span class='ocrx_word' id='word_1_53' title='bbox 386 1026 490 1084; x_wconf 88' lang='lat' dir='ltr'><strong>vitium</strong></span> <span class='ocrx_word' id='word_1_54' title='bbox 512 1025 637 1084; x_wconf 82' lang='lat' dir='ltr'><strong>mirifice</strong></span> <span class='ocrx_word' id='word_1_55' title='bbox 660 1024 784 1102; x_wconf 90' lang='lat' dir='ltr'><strong>prodest</strong></span> <span class='ocrx_word' id='word_1_56' title='bbox 806 1022 863 1083; x_wconf 90' lang='lat' dir='ltr'><strong>hoc</strong></span> <span class='ocrx_word' id='word_1_57' title='bbox 881 1022 1172 1106; x_wconf 82' lang='lat' dir='ltr'><strong>medicamentum,a</strong></span> 
     </span>
     <span class='ocr_line' id='line_1_10' title="bbox 126 1111 1147 1192; baseline 0.003 -21"><span class='ocrx_word' id='word_1_58' title='bbox 126 1112 196 1172; x_wconf 87' lang='lat' dir='ltr'><strong>facit</strong></span> <span class='ocrx_word' id='word_1_59' title='bbox 225 1121 324 1172; x_wconf 89' lang='lat' dir='ltr'><strong>autem</strong></span> <span class='ocrx_word' id='word_1_60' title='bbox 353 1119 383 1172; x_wconf 85' lang='lat' dir='ltr'><strong>ei</strong></span> <span class='ocrx_word' id='word_1_61' title='bbox 410 1112 447 1172; x_wconf 94' lang='lat' dir='ltr'><strong>ad</strong></span> <span class='ocrx_word' id='word_1_62' title='bbox 474 1112 576 1173; x_wconf 91' lang='lat' dir='ltr'><strong>lateris</strong></span> <span class='ocrx_word' id='word_1_63' title='bbox 604 1111 737 1172; x_wconf 90' lang='lat' dir='ltr'><strong>dolorem</strong></span> <span class='ocrx_word' id='word_1_64' title='bbox 764 1119 795 1171; x_wconf 86' lang='lat' dir='ltr'><strong>et</strong></span> <span class='ocrx_word' id='word_1_65' title='bbox 822 1111 858 1171; x_wconf 92' lang='lat' dir='ltr'><strong>ad</strong></span> <span class='ocrx_word' id='word_1_66' title='bbox 885 1129 1001 1172; x_wconf 92' lang='lat' dir='ltr'><strong>omnem</strong></span> <span class='ocrx_word' id='word_1_67' title='bbox 1026 1121 1147 1192; x_wconf 85' lang='lat' dir='ltr'><strong>partem</strong></span> 
     </span>
     <span class='ocr_line' id='line_1_11' title="bbox 126 1199 1147 1280; baseline 0.003 -20"><span class='ocrx_word' id='word_1_68' title='bbox 126 1203 261 1280; x_wconf 92' lang='lat' dir='ltr'><strong>corporis</strong></span> <span class='ocrx_word' id='word_1_69' title='bbox 284 1203 449 1280; x_wconf 87' lang='lat' dir='ltr'><strong>interioris,</strong></span> <span class='ocrx_word' id='word_1_70' title='bbox 479 1203 587 1280; x_wconf 82' lang='lat' dir='ltr'><strong>achpit</strong></span> <span class='ocrx_word' id='word_1_71' title='bbox 613 1202 701 1261; x_wconf 90' lang='lat' dir='ltr'><strong>haec:</strong></span> <span class='ocrx_word' id='word_1_72' title='bbox 737 1199 830 1259; x_wconf 87' lang='lat' dir='ltr'><strong>Dauci</strong></span> <span class='ocrx_word' id='word_1_73' title='bbox 857 1202 992 1280; x_wconf 88' lang='lat' dir='ltr'><strong>seminis,</strong></span> <span class='ocrx_word' id='word_1_74' title='bbox 1020 1205 1147 1280; x_wconf 80' lang='lat' dir='ltr'><strong>panacis</strong></span> 
     </span>
     <span class='ocr_line' id='line_1_12' title="bbox 125 1287 1147 1372; baseline 0.002 -23"><span class='ocrx_word' id='word_1_75' title='bbox 125 1289 250 1371; x_wconf 81' lang='lat' dir='ltr'><strong>radicis,</strong></span> <span class='ocrx_word' id='word_1_76' title='bbox 271 1291 399 1350; x_wconf 90' lang='lat' dir='ltr'><strong>castorei</strong></span> <span class='ocrx_word' id='word_1_77' title='bbox 421 1291 503 1368; x_wconf 91' lang='lat' dir='ltr'><strong>paria</strong></span> <span class='ocrx_word' id='word_1_78' title='bbox 527 1288 666 1369; x_wconf 89' lang='lat' dir='ltr'><strong>pondera,</strong></span> <span class='ocrx_word' id='word_1_79' title='bbox 690 1296 774 1349; x_wconf 85' lang='lat' dir='ltr'><strong>rutae</strong></span> <span class='ocrx_word' id='word_1_80' title='bbox 798 1287 947 1348; x_wconf 80' lang='lat' dir='ltr'>silvaticae</span> <span class='ocrx_word' id='word_1_81' title='bbox 971 1289 1147 1372; x_wconf 90' lang='lat' dir='ltr'><strong>dimidium;</strong></span> 
     </span>
     <span class='ocr_line' id='line_1_13' title="bbox 126 1377 1147 1460; baseline 0.002 -22"><span class='ocrx_word' id='word_1_82' title='bbox 126 1380 260 1438; x_wconf 90' lang='lat' dir='ltr'><strong>contusis</strong></span> <span class='ocrx_word' id='word_1_83' title='bbox 283 1378 330 1438; x_wconf 89' lang='lat' dir='ltr'><strong>his</strong></span> <span class='ocrx_word' id='word_1_84' title='bbox 355 1377 512 1456; x_wconf 81' lang='lat' dir='ltr'><strong>speciebus</strong></span> <span class='ocrx_word' id='word_1_85' title='bbox 534 1377 594 1438; x_wconf 92' lang='lat' dir='ltr'><strong>mel</strong></span> <span class='ocrx_word' id='word_1_86' title='bbox 615 1378 780 1457; x_wconf 79' lang='lat' dir='ltr'><strong>decoctum,</strong></span> <span class='ocrx_word' id='word_1_87' title='bbox 804 1377 883 1455; x_wconf 87' lang='lat' dir='ltr'><strong>quod</strong></span> <span class='ocrx_word' id='word_1_88' title='bbox 903 1378 1042 1460; x_wconf 81' lang='lat' dir='ltr'><strong>sufficiat,</strong></span> <span class='ocrx_word' id='word_1_89' title='bbox 1066 1380 1147 1440; x_wconf 90' lang='lat' dir='ltr'><strong>adici</strong></span> 
     </span>
     <span class='ocr_line' id='line_1_14' title="bbox 127 1465 1184 1546; baseline 0.003 -21"><span class='ocrx_word' id='word_1_90' title='bbox 127 1474 245 1546; x_wconf 81' lang='lat' dir='ltr'><strong>oportet</strong></span> <span class='ocrx_word' id='word_1_91' title='bbox 274 1474 362 1545; x_wconf 91' lang='lat' dir='ltr'><strong>atque</strong></span> <span class='ocrx_word' id='word_1_92' title='bbox 391 1465 460 1525; x_wconf 93' lang='lat' dir='ltr'><strong>inde</strong></span> <span class='ocrx_word' id='word_1_93' title='bbox 486 1465 599 1525; x_wconf 76' lang='lat' dir='ltr'><strong>darili</strong></span> <span class='ocrx_word' id='word_1_94' title='bbox 623 1465 754 1545; x_wconf 86' lang='lat' dir='ltr'><strong>singulos</strong></span> <span class='ocrx_word' id='word_1_95' title='bbox 778 1473 829 1526; x_wconf 84' lang='lat' dir='ltr'><strong>aul</strong></span> <span class='ocrx_word' id='word_1_96' title='bbox 852 1467 1000 1527; x_wconf 88' lang='lat' dir='ltr'><strong>victoriati</strong></span> <span class='ocrx_word' id='word_1_97' title='bbox 1022 1468 1146 1546; x_wconf 90' lang='lat' dir='ltr'><strong>pondus</strong></span> <span class='ocrx_word' id='word_1_98' title='bbox 1160 1480 1184 1519; x_wconf 87' lang='lat'><strong>1⁰</strong></span> 
     </span>
     <span class='ocr_line' id='line_1_15' title="bbox 126 1553 896 1634; baseline 0 -21"><span class='ocrx_word' id='word_1_99' title='bbox 126 1572 161 1614; x_wconf 83' lang='lat' dir='ltr'><strong>ex</strong></span> <span class='ocrx_word' id='word_1_100' title='bbox 185 1573 279 1634; x_wconf 86' lang='lat' dir='ltr'><strong>aquae</strong></span> <span class='ocrx_word' id='word_1_101' title='bbox 303 1553 414 1614; x_wconf 81' lang='lat' dir='ltr'><strong>calidae</strong></span> <span class='ocrx_word' id='word_1_102' title='bbox 438 1553 552 1632; x_wconf 75' lang='lat' dir='ltr'><strong>cyathis</strong></span> <span class='ocrx_word' id='word_1_103' title='bbox 575 1553 673 1614; x_wconf 90' lang='lat' dir='ltr'><strong>tribus</strong></span> <span class='ocrx_word' id='word_1_104' title='bbox 696 1561 747 1614; x_wconf 93' lang='lat' dir='ltr'><strong>aut</strong></span> <span class='ocrx_word' id='word_1_105' title='bbox 771 1553 896 1614; x_wconf 90' lang='lat' dir='ltr'><strong>duobus.</strong></span> 
     </span>
    </p>

    <p class='ocr_par' dir='ltr' id='par_1_7' title="bbox 90 1641 1183 2077">
     <span class='ocr_line' id='line_1_16' title="bbox 90 1641 1146 1721; baseline 0.003 -19"><span class='ocrx_word' id='word_1_106' title='bbox 90 1655 106 1702; x_wconf 84' lang='lat'><strong>3</strong></span> <span class='ocrx_word' id='word_1_107' title='bbox 214 1641 333 1721; x_wconf 88' lang='lat' dir='ltr'><strong>Optime</strong></span> <span class='ocrx_word' id='word_1_108' title='bbox 351 1642 422 1702; x_wconf 85' lang='lat' dir='ltr'><strong>lacit</strong></span> <span class='ocrx_word' id='word_1_109' title='bbox 435 1641 471 1702; x_wconf 95' lang='lat' dir='ltr'><strong>ad</strong></span> <span class='ocrx_word' id='word_1_110' title='bbox 485 1641 564 1701; x_wconf 91' lang='lat' dir='ltr'><strong>ileon</strong></span> <span class='ocrx_word' id='word_1_111' title='bbox 578 1641 750 1702; x_wconf 85' lang='lat' dir='ltr'><strong>hulusmodi</strong></span> <span class='ocrx_word' id='word_1_112' title='bbox 763 1641 967 1702; x_wconf 88' lang='lat' dir='ltr'><strong>medicaminis</strong></span> <span class='ocrx_word' id='word_1_113' title='bbox 981 1661 1038 1721; x_wconf 87' lang='lat' dir='ltr'><strong>per</strong></span> <span class='ocrx_word' id='word_1_114' title='bbox 1053 1662 1146 1705; x_wconf 90' lang='lat' dir='ltr'><strong>auum</strong></span> 
     </span>
     <span class='ocr_line' id='line_1_17' title="bbox 124 1730 1147 1810; baseline 0.003 -19"><span class='ocrx_word' id='word_1_115' title='bbox 124 1733 268 1791; x_wconf 89' lang='lat' dir='ltr'><strong>inmissio.</strong></span> <span class='ocrx_word' id='word_1_116' title='bbox 310 1730 432 1791; x_wconf 86' lang='lat' dir='ltr'><strong>Malvam</strong></span> <span class='ocrx_word' id='word_1_117' title='bbox 460 1738 491 1790; x_wconf 86' lang='lat' dir='ltr'><strong>et</strong></span> <span class='ocrx_word' id='word_1_118' title='bbox 518 1730 638 1791; x_wconf 83' lang='lat' dir='ltr'><strong>faenum</strong></span> <span class='ocrx_word' id='word_1_119' title='bbox 665 1748 806 1809; x_wconf 83' lang='lat' dir='ltr'><strong>graecum</strong></span> <span class='ocrx_word' id='word_1_120' title='bbox 831 1749 900 1791; x_wconf 91' lang='lat' dir='ltr'><strong>cum</strong></span> <span class='ocrx_word' id='word_1_121' title='bbox 923 1749 999 1810; x_wconf 86' lang='lat' dir='ltr'><strong>aqua</strong></span> <span class='ocrx_word' id='word_1_122' title='bbox 1022 1740 1147 1810; x_wconf 78' lang='lat' dir='ltr'><strong>oportet</strong></span> 
     </span>
     <span class='ocr_line' id='line_1_18' title="bbox 125 1818 1145 1898; baseline 0.002 -19"><span class='ocrx_word' id='word_1_123' title='bbox 125 1819 201 1880; x_wconf 89' lang='lat' dir='ltr'><strong>bene</strong></span> <span class='ocrx_word' id='word_1_124' title='bbox 230 1821 320 1898; x_wconf 87' lang='lat' dir='ltr'><strong>coqui</strong></span> <span class='ocrx_word' id='word_1_125' title='bbox 347 1827 436 1898; x_wconf 87' lang='lat' dir='ltr'><strong>atque</strong></span> <span class='ocrx_word' id='word_1_126' title='bbox 460 1819 529 1879; x_wconf 84' lang='lat' dir='ltr'><strong>Inde</strong></span> <span class='ocrx_word' id='word_1_127' title='bbox 553 1820 632 1880; x_wconf 91' lang='lat' dir='ltr'><strong>sumi</strong></span> <span class='ocrx_word' id='word_1_128' title='bbox 653 1819 811 1879; x_wconf 91' lang='lat' dir='ltr'><strong>heminam.</strong></span> <span class='ocrx_word' id='word_1_129' title='bbox 852 1818 926 1879; x_wconf 89' lang='lat' dir='ltr'><strong>Item</strong></span> <span class='ocrx_word' id='word_1_130' title='bbox 949 1821 981 1878; x_wconf 93' lang='lat' dir='ltr'><strong>in</strong></span> <span class='ocrx_word' id='word_1_131' title='bbox 1005 1819 1073 1880; x_wconf 88' lang='lat' dir='ltr'><strong>oleo</strong></span> <span class='ocrx_word' id='word_1_132' title='bbox 1098 1839 1145 1881; x_wconf 87' lang='lat' dir='ltr'><strong>se·</strong></span> 
     </span>
     <span class='ocr_line' id='line_1_19' title="bbox 125 1906 1183 1986; baseline 0.003 -18"><span class='ocrx_word' id='word_1_133' title='bbox 125 1908 267 1969; x_wconf 90' lang='lat' dir='ltr'><strong>cundario</strong></span> <span class='ocrx_word' id='word_1_134' title='bbox 292 1910 455 1986; x_wconf 85' lang='lat' dir='ltr'><strong>incoquere</strong></span> <span class='ocrx_word' id='word_1_135' title='bbox 483 1916 581 1969; x_wconf 89' lang='lat' dir='ltr'><strong>rutam</strong></span> <span class='ocrx_word' id='word_1_136' title='bbox 609 1906 700 1968; x_wconf 90' lang='lat' dir='ltr'><strong>debes</strong></span> <span class='ocrx_word' id='word_1_137' title='bbox 724 1925 811 1986; x_wconf 89' lang='lat' dir='ltr'><strong>quam</strong></span> <span class='ocrx_word' id='word_1_138' title='bbox 834 1906 993 1986; x_wconf 88' lang='lat' dir='ltr'><strong>plurimam</strong></span> <span class='ocrx_word' id='word_1_139' title='bbox 1016 1916 1049 1969; x_wconf 87' lang='lat' dir='ltr'><strong>et</strong></span> <span class='ocrx_word' id='word_1_140' title='bbox 1071 1908 1145 1971; x_wconf 88' lang='lat' dir='ltr'><strong>hiuc</strong></span> <span class='ocrx_word' id='word_1_141' title='bbox 1159 1921 1183 1962; x_wconf 75' lang='lat'><strong>1⁵</strong></span> 
     </span>
     <span class='ocr_line' id='line_1_20' title="bbox 124 1995 1145 2077; baseline 0.003 -21"><span class='ocrx_word' id='word_1_142' title='bbox 124 1996 274 2057; x_wconf 90' lang='lat' dir='ltr'><strong>heminam</strong></span> <span class='ocrx_word' id='word_1_143' title='bbox 302 1996 427 2057; x_wconf 86' lang='lat' dir='ltr'><strong>calidam</strong></span> <span class='ocrx_word' id='word_1_144' title='bbox 454 1996 571 2058; x_wconf 89' lang='lat' dir='ltr'><strong>adicere</strong></span> <span class='ocrx_word' id='word_1_145' title='bbox 599 1998 694 2075; x_wconf 92' lang='lat' dir='ltr'><strong>priori</strong></span> <span class='ocrx_word' id='word_1_146' title='bbox 719 2013 820 2074; x_wconf 86' lang='lat' dir='ltr'><strong>aquae.</strong></span> <span class='ocrx_word' id='word_1_147' title='bbox 863 1995 978 2066; x_wconf 84' lang='lat' dir='ltr'><strong>Quibus</strong></span> <span class='ocrx_word' id='word_1_148' title='bbox 1002 1999 1145 2077; x_wconf 89' lang='lat' dir='ltr'><strong>utrisque</strong></span> 
     </span>
    </p>

    <p class='ocr_par' dir='ltr' id='par_1_8' title="bbox 22 2085 1183 2689">
     <span class='ocr_line' id='line_1_21' title="bbox 22 2085 1144 2165; baseline 0.001 -18"><span class='ocrx_word' id='word_1_149' title='bbox 22 2144 24 2148; x_wconf 12' lang='grc' dir='ltr'><em>Α</em></span> <span class='ocrx_word' id='word_1_150' title='bbox 125 2085 283 2146; x_wconf 89' lang='lat' dir='ltr'><strong>admisceri</strong></span> <span class='ocrx_word' id='word_1_151' title='bbox 306 2088 445 2146; x_wconf 83' lang='lat' dir='ltr'><strong>convenii</strong></span> <span class='ocrx_word' id='word_1_152' title='bbox 467 2086 604 2146; x_wconf 89' lang='lat' dir='ltr'><strong>alronitri</strong></span> <span class='ocrx_word' id='word_1_153' title='bbox 628 2086 810 2145; x_wconf 88' lang='lat' dir='ltr'><strong>semunciam</strong></span> <span class='ocrx_word' id='word_1_154' title='bbox 838 2086 931 2145; x_wconf 89' lang='lat' dir='ltr'><strong>etita</strong></span> <span class='ocrx_word' id='word_1_155' title='bbox 955 2103 1009 2163; x_wconf 91' lang='lat' dir='ltr'><strong>per</strong></span> <span class='ocrx_word' id='word_1_156' title='bbox 1033 2085 1144 2165; x_wconf 83' lang='lat' dir='ltr'><strong>clyste-</strong></span> 
     </span>
     <span class='ocr_line' id='line_1_22' title="bbox 125 2171 1145 2250; baseline 0.003 -17"><span class='ocrx_word' id='word_1_157' title='bbox 125 2192 189 2234; x_wconf 88' lang='lat' dir='ltr'><strong>rem</strong></span> <span class='ocrx_word' id='word_1_158' title='bbox 217 2174 344 2235; x_wconf 90' lang='lat' dir='ltr'><strong>calidum</strong></span> <span class='ocrx_word' id='word_1_159' title='bbox 367 2174 551 2234; x_wconf 88' lang='lat' dir='ltr'><strong>medicamen</strong></span> <span class='ocrx_word' id='word_1_160' title='bbox 574 2175 693 2235; x_wconf 88' lang='lat' dir='ltr'><strong>inmitti.</strong></span> <span class='ocrx_word' id='word_1_161' title='bbox 734 2171 796 2232; x_wconf 92' lang='lat' dir='ltr'><strong>Hac</strong></span> <span class='ocrx_word' id='word_1_162' title='bbox 820 2190 874 2250; x_wconf 84' lang='lat' dir='ltr'><strong>ego</strong></span> <span class='ocrx_word' id='word_1_163' title='bbox 897 2175 1059 2234; x_wconf 88' lang='lat' dir='ltr'><strong>iniectione</strong></span> <span class='ocrx_word' id='word_1_164' title='bbox 1082 2176 1145 2236; x_wconf 92' lang='lat' dir='ltr'><strong>iam</strong></span> 
     </span>
     <span class='ocr_line' id='line_1_23' title="bbox 125 2261 1143 2341; baseline 0 -18"><span class='ocrx_word' id='word_1_165' title='bbox 125 2271 243 2323; x_wconf 85' lang='lat' dir='ltr'><strong>stercus</strong></span> <span class='ocrx_word' id='word_1_166' title='bbox 270 2280 325 2340; x_wconf 91' lang='lat' dir='ltr'><strong>per</strong></span> <span class='ocrx_word' id='word_1_167' title='bbox 352 2280 386 2322; x_wconf 95' lang='lat' dir='ltr'><strong>os</strong></span> <span class='ocrx_word' id='word_1_168' title='bbox 415 2264 572 2323; x_wconf 87' lang='lat' dir='ltr'><strong>eicientem</strong></span> <span class='ocrx_word' id='word_1_169' title='bbox 596 2262 758 2341; x_wconf 88' lang='lat' dir='ltr'><strong>quendam,</strong></span> <span class='ocrx_word' id='word_1_170' title='bbox 786 2261 866 2339; x_wconf 92' lang='lat' dir='ltr'><strong>quod</strong></span> <span class='ocrx_word' id='word_1_171' title='bbox 894 2263 1011 2339; x_wconf 84' lang='lat' dir='ltr'><strong>signum</strong></span> <span class='ocrx_word' id='word_1_172' title='bbox 1036 2265 1143 2324; x_wconf 86' lang='lat' dir='ltr'><strong>morti-</strong></span> 
     </span>
     <span class='ocr_line' id='line_1_24' title="bbox 125 2349 1183 2428; baseline 0.005 -20"><span class='ocrx_word' id='word_1_173' title='bbox 125 2351 222 2409; x_wconf 85' lang='lat' dir='ltr'><strong>lerum</strong></span> <span class='ocrx_word' id='word_1_174' title='bbox 255 2357 316 2428; x_wconf 84' lang='lat' dir='ltr'><strong>est,</strong></span> <span class='ocrx_word' id='word_1_175' title='bbox 349 2351 457 2410; x_wconf 86' lang='lat' dir='ltr'><strong>sanavi.</strong></span> <span class='ocrx_word' id='word_1_176' title='bbox 503 2349 557 2410; x_wconf 85' lang='lat' dir='ltr'><strong>Est</strong></span> <span class='ocrx_word' id='word_1_177' title='bbox 588 2357 688 2410; x_wconf 88' lang='lat' dir='ltr'><strong>autem</strong></span> <span class='ocrx_word' id='word_1_178' title='bbox 715 2351 819 2409; x_wconf 91' lang='lat' dir='ltr'><strong>vitium</strong></span> <span class='ocrx_word' id='word_1_179' title='bbox 851 2349 1144 2427; x_wconf 91' lang='lat' dir='ltr'><strong>periculosissimum</strong></span> <span class='ocrx_word' id='word_1_180' title='bbox 1158 2363 1183 2403; x_wconf 74' lang='lat'><strong>²⁰</strong></span> 
     </span>
     <span class='ocr_line' id='line_1_25' title="bbox 124 2436 1143 2519; baseline 0.006 -24"><span class='ocrx_word' id='word_1_181' title='bbox 124 2437 198 2496; x_wconf 89' lang='lat' dir='ltr'><strong>ileos</strong></span> <span class='ocrx_word' id='word_1_182' title='bbox 222 2444 252 2496; x_wconf 87' lang='lat' dir='ltr'><strong>et</strong></span> <span class='ocrx_word' id='word_1_183' title='bbox 274 2436 331 2495; x_wconf 92' lang='lat' dir='ltr'><strong>hoc</strong></span> <span class='ocrx_word' id='word_1_184' title='bbox 355 2436 422 2496; x_wconf 90' lang='lat' dir='ltr'><strong>ideo</strong></span> <span class='ocrx_word' id='word_1_185' title='bbox 443 2439 523 2495; x_wconf 90' lang='lat' dir='ltr'><strong>inter</strong></span> <span class='ocrx_word' id='word_1_186' title='bbox 541 2439 700 2516; x_wconf 91' lang='lat' dir='ltr'><strong>praecipua</strong></span> <span class='ocrx_word' id='word_1_187' title='bbox 719 2438 851 2497; x_wconf 90' lang='lat' dir='ltr'><strong>remedia</strong></span> <span class='ocrx_word' id='word_1_188' title='bbox 869 2438 1014 2519; x_wconf 64' lang='lat' dir='ltr'><strong>refertum</strong></span> <span class='ocrx_word' id='word_1_189' title='bbox 1039 2458 1143 2518; x_wconf 90' lang='lat' dir='ltr'><strong>quam·</strong></span> 
     </span>
     <span class='ocr_line' id='line_1_26' title="bbox 126 2523 1143 2602; baseline 0.006 -19"><span class='ocrx_word' id='word_1_190' title='bbox 126 2523 228 2584; x_wconf 91' lang='lat' dir='ltr'><strong>obrem</strong></span> <span class='ocrx_word' id='word_1_191' title='bbox 253 2541 319 2583; x_wconf 88' lang='lat' dir='ltr'><strong>cum</strong></span> <span class='ocrx_word' id='word_1_192' title='bbox 344 2540 449 2600; x_wconf 82' lang='lat' dir='ltr'><strong>magna</strong></span> <span class='ocrx_word' id='word_1_193' title='bbox 470 2524 577 2584; x_wconf 83' lang='lat' dir='ltr'><strong>fiducia</strong></span> <span class='ocrx_word' id='word_1_194' title='bbox 596 2524 653 2585; x_wconf 93' lang='lat' dir='ltr'><strong>hoc</strong></span> <span class='ocrx_word' id='word_1_195' title='bbox 673 2542 767 2602; x_wconf 83' lang='lat' dir='ltr'><strong>genus</strong></span> <span class='ocrx_word' id='word_1_196' title='bbox 786 2528 850 2585; x_wconf 89' lang='lat' dir='ltr'><strong>vitii</strong></span> <span class='ocrx_word' id='word_1_197' title='bbox 868 2526 925 2587; x_wconf 93' lang='lat' dir='ltr'><strong>hoc</strong></span> <span class='ocrx_word' id='word_1_198' title='bbox 944 2527 1143 2589; x_wconf 89' lang='lat' dir='ltr'><strong>medicamine</strong></span> 
     </span>
     <span class='ocr_line' id='line_1_27' title="bbox 127 2611 609 2689; baseline 0.004 -18"><span class='ocrx_word' id='word_1_199' title='bbox 127 2611 289 2672; x_wconf 90' lang='lat' dir='ltr'><strong>sanandum</strong></span> <span class='ocrx_word' id='word_1_200' title='bbox 313 2611 436 2689; x_wconf 85' lang='lat' dir='ltr'><strong>adgredi</strong></span> <span class='ocrx_word' id='word_1_201' title='bbox 458 2611 609 2673; x_wconf 90' lang='lat' dir='ltr'><strong>debemus.</strong></span> 
     </span>
    </p>

    <p class='ocr_par' dir='ltr' id='par_1_9' title="bbox 90 2699 1181 2958">
     <span class='ocr_line' id='line_1_28' title="bbox 90 2699 1141 2782; baseline 0.005 -22"><span class='ocrx_word' id='word_1_202' title='bbox 90 2712 108 2760; x_wconf 89' lang='grc'>4</span> <span class='ocrx_word' id='word_1_203' title='bbox 215 2699 259 2760; x_wconf 81' lang='lat' dir='ltr'><strong>Ad</strong></span> <span class='ocrx_word' id='word_1_204' title='bbox 283 2699 340 2760; x_wconf 93' lang='lat' dir='ltr'><strong>coli</strong></span> <span class='ocrx_word' id='word_1_205' title='bbox 363 2699 545 2762; x_wconf 82' lang='lat' dir='ltr'><strong>lnllationem</strong></span> <span class='ocrx_word' id='word_1_206' title='bbox 569 2700 645 2761; x_wconf 91' lang='lat' dir='ltr'><strong>hene</strong></span> <span class='ocrx_word' id='word_1_207' title='bbox 669 2702 739 2762; x_wconf 83' lang='lat' dir='ltr'><strong>laeli</strong></span> <span class='ocrx_word' id='word_1_208' title='bbox 762 2704 871 2782; x_wconf 85' lang='lat' dir='ltr'><strong>cymIni</strong></span> <span class='ocrx_word' id='word_1_209' title='bbox 890 2701 1016 2764; x_wconf 86' lang='lat' dir='ltr'><strong>silvatici</strong></span> <span class='ocrx_word' id='word_1_210' title='bbox 1035 2722 1141 2765; x_wconf 91' lang='lat' dir='ltr'><strong>semen</strong></span> 
     </span>
     <span class='ocr_line' id='line_1_29' title="bbox 125 2789 1181 2869; baseline 0.005 -21"><span class='ocrx_word' id='word_1_211' title='bbox 125 2806 179 2869; x_wconf 93' lang='lat' dir='ltr'><strong>per</strong></span> <span class='ocrx_word' id='word_1_212' title='bbox 207 2807 239 2849; x_wconf 92' lang='lat' dir='ltr'><strong>se</strong></span> <span class='ocrx_word' id='word_1_213' title='bbox 267 2798 300 2850; x_wconf 92' lang='lat' dir='ltr'><strong>ut</strong></span> <span class='ocrx_word' id='word_1_214' title='bbox 328 2798 374 2850; x_wconf 88' lang='lat' dir='ltr'><strong>est</strong></span> <span class='ocrx_word' id='word_1_215' title='bbox 401 2789 503 2852; x_wconf 87' lang='lat' dir='ltr'><strong>datum</strong></span> <span class='ocrx_word' id='word_1_216' title='bbox 532 2792 638 2851; x_wconf 83' lang='lat' dir='ltr'><strong>tritum</strong></span> <span class='ocrx_word' id='word_1_217' title='bbox 671 2799 814 2869; x_wconf 88' lang='lat' dir='ltr'><strong>quantum</strong></span> <span class='ocrx_word' id='word_1_218' title='bbox 847 2791 984 2851; x_wconf 91' lang='lat' dir='ltr'><strong>cocliaria</strong></span> <span class='ocrx_word' id='word_1_219' title='bbox 1016 2793 1077 2852; x_wconf 91' lang='lat' dir='ltr'><strong>tria</strong></span> <span class='ocrx_word' id='word_1_220' title='bbox 1108 2795 1142 2853; x_wconf 93' lang='lat' dir='ltr'><strong>in</strong></span> <span class='ocrx_word' id='word_1_221' title='bbox 1156 2803 1181 2844; x_wconf 79' lang='lat'><strong>²⁵</strong></span> 
     </span>
     <span class='ocr_line' id='line_1_30' title="bbox 126 2879 665 2958; baseline 0 -20"><span class='ocrx_word' id='word_1_222' title='bbox 126 2895 219 2958; x_wconf 91' lang='lat' dir='ltr'><strong>aquae</strong></span> <span class='ocrx_word' id='word_1_223' title='bbox 244 2879 354 2940; x_wconf 89' lang='lat' dir='ltr'><strong>calidae</strong></span> <span class='ocrx_word' id='word_1_224' title='bbox 378 2880 491 2958; x_wconf 81' lang='lat' dir='ltr'><strong>cyathis</strong></span> <span class='ocrx_word' id='word_1_225' title='bbox 515 2887 665 2958; x_wconf 89' lang='lat' dir='ltr'><strong>quattuor.</strong></span> 
     </span>
    </p>

    <p class='ocr_par' dir='ltr' id='par_1_10' title="bbox 89 2967 1183 3312">
     <span class='ocr_line' id='line_1_31' title="bbox 89 2967 1143 3048; baseline 0.002 -20"><span class='ocrx_word' id='word_1_226' title='bbox 89 2979 105 3028; x_wconf 80' lang='lat'><strong>5</strong></span> <span class='ocrx_word' id='word_1_227' title='bbox 213 2967 287 3028; x_wconf 91' lang='lat' dir='ltr'><strong>Nam</strong></span> <span class='ocrx_word' id='word_1_228' title='bbox 315 2968 398 3028; x_wconf 85' lang='lat' dir='ltr'><strong>Cassi</strong></span> <span class='ocrx_word' id='word_1_229' title='bbox 427 2969 535 3029; x_wconf 90' lang='lat' dir='ltr'><strong>medici</strong></span> <span class='ocrx_word' id='word_1_230' title='bbox 562 2967 654 3028; x_wconf 88' lang='lat' dir='ltr'><strong>colice</strong></span> <span class='ocrx_word' id='word_1_231' title='bbox 682 2986 751 3027; x_wconf 90' lang='lat' dir='ltr'><strong>vera</strong></span> <span class='ocrx_word' id='word_1_232' title='bbox 784 2967 885 3027; x_wconf 88' lang='lat' dir='ltr'><strong>multis</strong></span> <span class='ocrx_word' id='word_1_233' title='bbox 915 2975 984 3028; x_wconf 90' lang='lat' dir='ltr'><strong>uota</strong></span> <span class='ocrx_word' id='word_1_234' title='bbox 1014 2977 1143 3048; x_wconf 88' lang='lat' dir='ltr'><strong>propter</strong></span> 
     </span>
     <span class='ocr_line' id='line_1_32' title="bbox 126 3055 1142 3138; baseline 0.003 -24"><span class='ocrx_word' id='word_1_235' title='bbox 126 3055 264 3117; x_wconf 84' lang='lat' dir='ltr'><strong>ellectum</strong></span> <span class='ocrx_word' id='word_1_236' title='bbox 286 3057 359 3117; x_wconf 90' lang='lat' dir='ltr'><strong>haec</strong></span> <span class='ocrx_word' id='word_1_237' title='bbox 383 3065 437 3138; x_wconf 81' lang='lat' dir='ltr'><strong>est,</strong></span> <span class='ocrx_word' id='word_1_238' title='bbox 461 3064 494 3117; x_wconf 89' lang='lat' dir='ltr'><strong>ut</strong></span> <span class='ocrx_word' id='word_1_239' title='bbox 517 3055 553 3116; x_wconf 91' lang='lat' dir='ltr'><strong>ab</strong></span> <span class='ocrx_word' id='word_1_240' title='bbox 578 3058 642 3116; x_wconf 85' lang='lat' dir='ltr'><strong>elus</strong></span> <span class='ocrx_word' id='word_1_241' title='bbox 666 3074 751 3115; x_wconf 91' lang='lat' dir='ltr'><strong>servo</strong></span> <span class='ocrx_word' id='word_1_242' title='bbox 775 3055 899 3114; x_wconf 81' lang='lat' dir='ltr'><strong>Admeto</strong></span> <span class='ocrx_word' id='word_1_243' title='bbox 920 3058 1023 3134; x_wconf 88' lang='lat' dir='ltr'><strong>accepi</strong></span> <span class='ocrx_word' id='word_1_244' title='bbox 1040 3055 1142 3136; x_wconf 84' lang='lat' dir='ltr'><strong>legato</strong></span> 
     </span>
     <span class='ocr_line' id='line_1_33' title="bbox 124 3142 1141 3224; baseline 0.004 -22"><span class='ocrx_word' id='word_1_245' title='bbox 124 3142 226 3205; x_wconf 85' lang='lat' dir='ltr'><strong>Tiberi</strong></span> <span class='ocrx_word' id='word_1_246' title='bbox 249 3144 392 3224; x_wconf 86' lang='lat' dir='ltr'><strong>Caesaris,</strong></span> <span class='ocrx_word' id='word_1_247' title='bbox 416 3147 467 3224; x_wconf 90' lang='lat' dir='ltr'><strong>qui</strong></span> <span class='ocrx_word' id='word_1_248' title='bbox 492 3163 556 3204; x_wconf 89' lang='lat' dir='ltr'><strong>eam</strong></span> <span class='ocrx_word' id='word_1_249' title='bbox 580 3143 686 3204; x_wconf 89' lang='lat' dir='ltr'><strong>solitus</strong></span> <span class='ocrx_word' id='word_1_250' title='bbox 707 3151 771 3202; x_wconf 87' lang='lat' dir='ltr'><strong>erat</strong></span> <span class='ocrx_word' id='word_1_251' title='bbox 790 3162 970 3222; x_wconf 91' lang='lat' dir='ltr'><strong>componere</strong></span> <span class='ocrx_word' id='word_1_252' title='bbox 990 3147 1047 3205; x_wconf 90' lang='lat' dir='ltr'><strong>sic:</strong></span> <span class='ocrx_word' id='word_1_253' title='bbox 1071 3145 1141 3224; x_wconf 79' lang='lat' dir='ltr'><strong>Apii</strong></span> 
     </span>
     <span class='ocr_line' id='line_1_34' title="bbox 125 3233 1183 3312; baseline 0.004 -22"><span class='ocrx_word' id='word_1_254' title='bbox 125 3234 246 3292; x_wconf 85' lang='lat' dir='ltr'><strong>semInis</strong></span> <span class='ocrx_word' id='word_1_255' title='bbox 271 3234 462 3312; x_wconf 88' lang='lat' dir='ltr'><strong>semunciam,</strong></span> <span class='ocrx_word' id='word_1_256' title='bbox 485 3234 567 3292; x_wconf 92' lang='lat' dir='ltr'><strong>anesi</strong></span> <span class='ocrx_word' id='word_1_257' title='bbox 590 3233 718 3311; x_wconf 81' lang='lat' dir='ltr'><strong>unciam,</strong></span> <span class='ocrx_word' id='word_1_258' title='bbox 741 3233 869 3292; x_wconf 89' lang='lat' dir='ltr'><strong>castorei</strong></span> <span class='ocrx_word' id='word_1_259' title='bbox 891 3234 997 3293; x_wconf 93' lang='lat' dir='ltr'><strong>unciae</strong></span> <span class='ocrx_word' id='word_1_260' title='bbox 1021 3241 1183 3294; x_wconf 77' lang='lat' dir='ltr'><strong>sartan-so</strong></span> 
     </span>
    </p>
   </div>
   <div class='ocr_carea' id='block_1_5' title="bbox 122 3434 1141 3576">
    <p class='ocr_par' dir='ltr' id='par_1_11' title="bbox 122 3434 1141 3576">
     <span class='ocr_line' id='line_1_35' title="bbox 215 3434 1141 3496; baseline 0.01 -8"><span class='ocrx_word' id='word_1_261' title='bbox 215 3434 414 3490; x_wconf 82' lang='lat' dir='ltr'><strong>1odebis1m</strong></span> <span class='ocrx_word' id='word_1_262' title='bbox 437 3437 521 3491; x_wconf 87' lang='lat' dir='ltr'><strong>debes</strong></span> <span class='ocrx_word' id='word_1_263' title='bbox 539 3440 596 3491; x_wconf 77' lang='lat' dir='ltr'><strong>2m.</strong></span> <span class='ocrx_word' id='word_1_264' title='bbox 690 3440 722 3489; x_wconf 75' lang='lat'><strong>1⁷</strong></span> <span class='ocrx_word' id='word_1_265' title='bbox 745 3434 864 3490; x_wconf 87' lang='lat' dir='ltr'><strong>clistere.</strong></span> <span class='ocrx_word' id='word_1_266' title='bbox 957 3437 1141 3496; x_wconf 75' lang='lat' dir='ltr'><strong>aestimato</strong></span> 
     </span>
     <span class='ocr_line' id='line_1_36' title="bbox 122 3504 421 3576; baseline -0.007 -16"><span class='ocrx_word' id='word_1_267' title='bbox 122 3504 248 3561; x_wconf 66' lang='lat' dir='ltr'><strong>Stridon.</strong></span> <span class='ocrx_word' id='word_1_268' title='bbox 321 3507 421 3576; x_wconf 84' lang='lat' dir='ltr'><strong>accipi.</strong></span> 
     </span>
    </p>
   </div>
   <div class='ocr_carea' id='block_1_6' title="bbox 0 0 1228 3802">
    <p class='ocr_par' dir='ltr' id='par_1_12' title="bbox 0 0 1228 3802">
     <span class='ocr_line' id='line_1_37' title="bbox 0 0 1228 3802; baseline 0 0"><span class='ocrx_word' id='word_1_269' title='bbox 0 0 1228 3802; x_wconf 95' lang='lat' dir='ltr'><strong> </strong></span> 
     </span>
    </p>
   </div>
  </div>
 </body>
</html>
