<?xml version="1.0" encoding="UTF-8"?>
<!DOCTYPE html PUBLIC "-//W3C//DTD XHTML 1.0 Transitional//EN"
    "http://www.w3.org/TR/xhtml1/DTD/xhtml1-transitional.dtd">
<html xmlns="http://www.w3.org/1999/xhtml" xml:lang="en" lang="en">
 <head>
  <title>
</title>
<meta http-equiv="Content-Type" content="text/html;charset=utf-8" />
  <meta name='ocr-system' content='tesseract 3.04.00' />
  <meta name='ocr-capabilities' content='ocr_page ocr_carea ocr_par ocr_line ocrx_word'/>
</head>
<body>
  <div class='ocr_page' id='page_1' title='image "./marcellidemedic01helmgoog_0218.png"; bbox 0 0 2438 3802; ppageno 0'>
   <div class='ocr_carea' id='block_1_1' title="bbox 470 127 801 212">
    <p class='ocr_par' dir='ltr' id='par_1_1' title="bbox 470 127 801 212">
     <span class='ocr_line' id='line_1_1' title="bbox 470 127 801 212; baseline 0 0"><span class='ocrx_word' id='word_1_1' title='bbox 470 127 801 212; x_wconf 74' lang='lat' dir='ltr'>-aor-&#39;</span> 
     </span>
    </p>
   </div>
   <div class='ocr_carea' id='block_1_2' title="bbox 41 308 1152 2960">
    <p class='ocr_par' dir='ltr' id='par_1_2' title="bbox 82 308 1098 654">
     <span class='ocr_line' id='line_1_2' title="bbox 82 308 1097 393; baseline 0.007 -25"><span class='ocrx_word' id='word_1_2' title='bbox 82 308 183 370; x_wconf 88' lang='lat' dir='ltr'>tribus</span> <span class='ocrx_word' id='word_1_3' title='bbox 206 309 252 369; x_wconf 85' lang='lat' dir='ltr'>vel</span> <span class='ocrx_word' id='word_1_4' title='bbox 271 317 412 388; x_wconf 90' lang='lat' dir='ltr'>quattuor</span> <span class='ocrx_word' id='word_1_5' title='bbox 431 318 461 370; x_wconf 93' lang='lat' dir='ltr'>et</span> <span class='ocrx_word' id='word_1_6' title='bbox 478 319 581 389; x_wconf 90' lang='lat' dir='ltr'>postea</span> <span class='ocrx_word' id='word_1_7' title='bbox 600 309 684 370; x_wconf 91' lang='lat' dir='ltr'>dabis</span> <span class='ocrx_word' id='word_1_8' title='bbox 702 312 855 389; x_wconf 87' lang='lat' dir='ltr'>potionem</span> <span class='ocrx_word' id='word_1_9' title='bbox 875 312 985 372; x_wconf 82' lang='lat' dir='ltr'>calidae</span> <span class='ocrx_word' id='word_1_10' title='bbox 1005 332 1097 393; x_wconf 91' lang='lat' dir='ltr'>aquae</span> 
     </span>
     <span class='ocr_line' id='line_1_3' title="bbox 82 398 1098 483; baseline 0.005 -27"><span class='ocrx_word' id='word_1_11' title='bbox 82 404 115 456; x_wconf 88' lang='lat' dir='ltr'>et</span> <span class='ocrx_word' id='word_1_12' title='bbox 134 416 202 459; x_wconf 89' lang='lat' dir='ltr'>cum</span> <span class='ocrx_word' id='word_1_13' title='bbox 217 398 344 479; x_wconf 89' lang='lat' dir='ltr'>dederis,</span> <span class='ocrx_word' id='word_1_14' title='bbox 363 400 491 478; x_wconf 79' lang='lat' dir='ltr'>accipies</span> <span class='ocrx_word' id='word_1_15' title='bbox 507 399 653 459; x_wconf 84' lang='lat' dir='ltr'>mercedis</span> <span class='ocrx_word' id='word_1_16' title='bbox 668 400 890 481; x_wconf 82' lang='lat' dir='ltr'>quodcumque3</span> <span class='ocrx_word' id='word_1_17' title='bbox 909 401 995 460; x_wconf 93' lang='lat' dir='ltr'>multi</span> <span class='ocrx_word' id='word_1_18' title='bbox 1010 405 1098 483; x_wconf 90' lang='lat' dir='ltr'>enim,</span> 
     </span>
     <span class='ocr_line' id='line_1_4' title="bbox 83 489 1098 569; baseline 0.002 -22"><span class='ocrx_word' id='word_1_19' title='bbox 83 489 137 564; x_wconf 89' lang='lat' dir='ltr'>qui</span> <span class='ocrx_word' id='word_1_20' title='bbox 155 489 214 548; x_wconf 88' lang='lat' dir='ltr'>cito</span> <span class='ocrx_word' id='word_1_21' title='bbox 234 490 332 548; x_wconf 89' lang='lat' dir='ltr'>curati</span> <span class='ocrx_word' id='word_1_22' title='bbox 350 495 428 567; x_wconf 91' lang='lat' dir='ltr'>sunt,</span> <span class='ocrx_word' id='word_1_23' title='bbox 447 489 556 565; x_wconf 79' lang='lat' dir='ltr'>ingrati</span> <span class='ocrx_word' id='word_1_24' title='bbox 574 491 745 569; x_wconf 84' lang='lat' dir='ltr'>extiterunt,</span> <span class='ocrx_word' id='word_1_25' title='bbox 763 496 887 568; x_wconf 89' lang='lat' dir='ltr'>propter</span> <span class='ocrx_word' id='word_1_26' title='bbox 904 490 983 568; x_wconf 91' lang='lat' dir='ltr'>quod</span> <span class='ocrx_word' id='word_1_27' title='bbox 999 492 1098 568; x_wconf 90' lang='lat' dir='ltr'>ipsum</span> 
     </span>
     <span class='ocr_line' id='line_1_5' title="bbox 83 575 651 654; baseline 0.005 -20"><span class='ocrx_word' id='word_1_28' title='bbox 83 577 251 638; x_wconf 84' lang='lat' dir='ltr'>antidotum</span> <span class='ocrx_word' id='word_1_29' title='bbox 274 575 455 637; x_wconf 84' lang='lat' dir='ltr'>acharistum</span> <span class='ocrx_word' id='word_1_30' title='bbox 479 575 651 654; x_wconf 91' lang='lat' dir='ltr'>appellatur.</span> 
     </span>
    </p>

    <p class='ocr_par' dir='ltr' id='par_1_3' title="bbox 55 665 1151 1100">
     <span class='ocr_line' id='line_1_6' title="bbox 55 665 1151 748; baseline 0.008 -27"><span class='ocrx_word' id='word_1_31' title='bbox 55 680 69 721; x_wconf 82' lang='lat' dir='ltr'>s</span> <span class='ocrx_word' id='word_1_32' title='bbox 174 665 370 747; x_wconf 78' lang='lat' dir='ltr'>Oxyporium,</span> <span class='ocrx_word' id='word_1_33' title='bbox 399 665 477 743; x_wconf 92' lang='lat' dir='ltr'>quod</span> <span class='ocrx_word' id='word_1_34' title='bbox 502 665 612 725; x_wconf 91' lang='lat' dir='ltr'>dicitur</span> <span class='ocrx_word' id='word_1_35' title='bbox 635 665 816 748; x_wconf 84' lang='lat' dir='ltr'>chymation,</span> <span class='ocrx_word' id='word_1_36' title='bbox 844 667 914 727; x_wconf 88' lang='lat' dir='ltr'>iacit</span> <span class='ocrx_word' id='word_1_37' title='bbox 942 667 977 727; x_wconf 90' lang='lat' dir='ltr'>ad</span> <span class='ocrx_word' id='word_1_38' title='bbox 1002 666 1097 727; x_wconf 90' lang='lat' dir='ltr'>calcu·</span> <span class='ocrx_word' id='word_1_39' title='bbox 1117 682 1151 732; x_wconf 86' lang='grc'>93</span> 
     </span>
     <span class='ocr_line' id='line_1_7' title="bbox 83 753 1098 835; baseline -0.003 -17"><span class='ocrx_word' id='word_1_40' title='bbox 83 756 195 818; x_wconf 89' lang='lat' dir='ltr'>lolosos</span> <span class='ocrx_word' id='word_1_41' title='bbox 224 761 254 814; x_wconf 87' lang='lat' dir='ltr'>et</span> <span class='ocrx_word' id='word_1_42' title='bbox 282 753 317 814; x_wconf 93' lang='lat' dir='ltr'>ad</span> <span class='ocrx_word' id='word_1_43' title='bbox 346 757 464 814; x_wconf 89' lang='lat' dir='ltr'>renium</span> <span class='ocrx_word' id='word_1_44' title='bbox 489 753 621 813; x_wconf 91' lang='lat' dir='ltr'>dolorem</span> <span class='ocrx_word' id='word_1_45' title='bbox 641 762 671 814; x_wconf 90' lang='lat' dir='ltr'>et</span> <span class='ocrx_word' id='word_1_46' title='bbox 690 756 725 815; x_wconf 91' lang='lat' dir='ltr'>ad</span> <span class='ocrx_word' id='word_1_47' title='bbox 744 755 925 816; x_wconf 83' lang='lat' dir='ltr'>inflationem</span> <span class='ocrx_word' id='word_1_48' title='bbox 945 755 1098 835; x_wconf 90' lang='lat' dir='ltr'>stomachi,</span> 
     </span>
     <span class='ocr_line' id='line_1_8' title="bbox 82 841 1099 924; baseline 0 -19"><span class='ocrx_word' id='word_1_49' title='bbox 82 844 290 924; x_wconf 90' lang='lat' dir='ltr'>phlegmaticis</span> <span class='ocrx_word' id='word_1_50' title='bbox 314 860 432 921; x_wconf 91' lang='lat' dir='ltr'>quoquc</span> <span class='ocrx_word' id='word_1_51' title='bbox 456 841 579 920; x_wconf 90' lang='lat' dir='ltr'>prodest</span> <span class='ocrx_word' id='word_1_52' title='bbox 601 849 631 902; x_wconf 91' lang='lat' dir='ltr'>et</span> <span class='ocrx_word' id='word_1_53' title='bbox 651 843 761 924; x_wconf 91' lang='lat' dir='ltr'>colicis,</span> <span class='ocrx_word' id='word_1_54' title='bbox 785 844 836 903; x_wconf 91' lang='lat' dir='ltr'>sed</span> <span class='ocrx_word' id='word_1_55' title='bbox 856 854 886 905; x_wconf 89' lang='lat' dir='ltr'>et</span> <span class='ocrx_word' id='word_1_56' title='bbox 904 847 1049 905; x_wconf 87' lang='lat' dir='ltr'>tortiones</span> <span class='ocrx_word' id='word_1_57' title='bbox 1068 853 1099 904; x_wconf 90' lang='lat' dir='ltr'>et</span> 
     </span>
     <span class='ocr_line' id='line_1_9' title="bbox 83 931 1099 1014; baseline -0.001 -19"><span class='ocrx_word' id='word_1_58' title='bbox 83 931 328 995; x_wconf 84' lang='lat' dir='ltr'>haemorrhoidas</span> <span class='ocrx_word' id='word_1_59' title='bbox 351 939 436 991; x_wconf 89' lang='lat' dir='ltr'>curat</span> <span class='ocrx_word' id='word_1_60' title='bbox 459 938 490 990; x_wconf 87' lang='lat' dir='ltr'>ct</span> <span class='ocrx_word' id='word_1_61' title='bbox 513 950 588 1009; x_wconf 89' lang='lat' dir='ltr'>quae</span> <span class='ocrx_word' id='word_1_62' title='bbox 611 934 642 991; x_wconf 91' lang='lat' dir='ltr'>in</span> <span class='ocrx_word' id='word_1_63' title='bbox 666 950 722 992; x_wconf 92' lang='lat' dir='ltr'>ano</span> <span class='ocrx_word' id='word_1_64' title='bbox 744 943 921 1014; x_wconf 75' lang='lat' dir='ltr'>nascuntur,</span> <span class='ocrx_word' id='word_1_65' title='bbox 944 936 1099 1012; x_wconf 86' lang='lat' dir='ltr'>restringit</span> 
     </span>
     <span class='ocr_line' id='line_1_10' title="bbox 84 1021 1098 1100; baseline -0.003 -16"><span class='ocrx_word' id='word_1_66' title='bbox 84 1030 115 1084; x_wconf 90' lang='lat' dir='ltr'>et</span> <span class='ocrx_word' id='word_1_67' title='bbox 142 1027 297 1082; x_wconf 90' lang='lat' dir='ltr'>menstrua</span> <span class='ocrx_word' id='word_1_68' title='bbox 325 1022 415 1080; x_wconf 91' lang='lat' dir='ltr'>nimia</span> <span class='ocrx_word' id='word_1_69' title='bbox 443 1028 473 1079; x_wconf 93' lang='lat' dir='ltr'>et</span> <span class='ocrx_word' id='word_1_70' title='bbox 501 1022 632 1098; x_wconf 90' lang='lat' dir='ltr'>epaticos</span> <span class='ocrx_word' id='word_1_71' title='bbox 661 1031 691 1080; x_wconf 89' lang='lat' dir='ltr'>et</span> <span class='ocrx_word' id='word_1_72' title='bbox 719 1021 890 1100; x_wconf 90' lang='lat' dir='ltr'>spleniticos</span> <span class='ocrx_word' id='word_1_73' title='bbox 916 1031 946 1082; x_wconf 95' lang='lat' dir='ltr'>et</span> <span class='ocrx_word' id='word_1_74' title='bbox 968 1025 1098 1083; x_wconf 89' lang='lat' dir='ltr'>tussicos</span> 
     </span>
    </p>

    <p class='ocr_par' dir='ltr' id='par_1_4' title="bbox 41 1109 1098 1543">
     <span class='ocr_line' id='line_1_11' title="bbox 41 1109 1098 1188; baseline -0.003 -16"><span class='ocrx_word' id='word_1_75' title='bbox 41 1111 245 1172; x_wconf 84' lang='lat' dir='ltr'>10solitaneos</span> <span class='ocrx_word' id='word_1_76' title='bbox 272 1116 358 1169; x_wconf 89' lang='lat' dir='ltr'>curat</span> <span class='ocrx_word' id='word_1_77' title='bbox 380 1116 410 1168; x_wconf 90' lang='lat' dir='ltr'>et</span> <span class='ocrx_word' id='word_1_78' title='bbox 437 1109 548 1168; x_wconf 90' lang='lat' dir='ltr'>cadivis</span> <span class='ocrx_word' id='word_1_79' title='bbox 576 1109 710 1188; x_wconf 89' lang='lat' dir='ltr'>prodest,</span> <span class='ocrx_word' id='word_1_80' title='bbox 739 1112 847 1188; x_wconf 92' lang='lat' dir='ltr'>accipit</span> <span class='ocrx_word' id='word_1_81' title='bbox 874 1111 960 1170; x_wconf 87' lang='lat' dir='ltr'>baec:</span> <span class='ocrx_word' id='word_1_82' title='bbox 997 1111 1098 1170; x_wconf 88' lang='lat' dir='ltr'>Inulae</span> 
     </span>
     <span class='ocr_line' id='line_1_12' title="bbox 86 1196 1098 1280; baseline -0.001 -22"><span class='ocrx_word' id='word_1_83' title='bbox 86 1232 125 1244; x_wconf 90' lang='lat'>-</span> <span class='ocrx_word' id='word_1_84' title='bbox 145 1198 168 1280; x_wconf 96' lang='lat' dir='ltr'>l,</span> <span class='ocrx_word' id='word_1_85' title='bbox 191 1197 313 1257; x_wconf 82' lang='lat' dir='ltr'>feniculi</span> <span class='ocrx_word' id='word_1_86' title='bbox 336 1199 458 1257; x_wconf 87' lang='lat' dir='ltr'>seminis</span> <span class='ocrx_word' id='word_1_87' title='bbox 482 1229 523 1240; x_wconf 91' lang='lat'>-</span> <span class='ocrx_word' id='word_1_88' title='bbox 543 1196 591 1277; x_wconf 91' lang='lat' dir='ltr'>lll,</span> <span class='ocrx_word' id='word_1_89' title='bbox 614 1199 727 1276; x_wconf 90' lang='lat' dir='ltr'>piperis</span> <span class='ocrx_word' id='word_1_90' title='bbox 750 1200 829 1275; x_wconf 84' lang='lat' dir='ltr'>nigri</span> <span class='ocrx_word' id='word_1_91' title='bbox 850 1198 940 1258; x_wconf 84' lang='grc' dir='ltr'>-ΙΙ,</span> <span class='ocrx_word' id='word_1_92' title='bbox 977 1197 1098 1257; x_wconf 86' lang='lat' dir='ltr'>Tundes</span> 
     </span>
     <span class='ocr_line' id='line_1_13' title="bbox 82 1285 1097 1365; baseline -0.004 -16"><span class='ocrx_word' id='word_1_93' title='bbox 82 1289 157 1349; x_wconf 91' lang='lat' dir='ltr'>haec</span> <span class='ocrx_word' id='word_1_94' title='bbox 176 1287 335 1365; x_wconf 90' lang='lat' dir='ltr'>separatim</span> <span class='ocrx_word' id='word_1_95' title='bbox 354 1295 384 1345; x_wconf 90' lang='lat' dir='ltr'>et</span> <span class='ocrx_word' id='word_1_96' title='bbox 403 1285 549 1346; x_wconf 92' lang='lat' dir='ltr'>cribrabis</span> <span class='ocrx_word' id='word_1_97' title='bbox 567 1285 643 1346; x_wconf 91' lang='lat' dir='ltr'>bene</span> <span class='ocrx_word' id='word_1_98' title='bbox 663 1293 693 1346; x_wconf 92' lang='lat' dir='ltr'>et</span> <span class='ocrx_word' id='word_1_99' title='bbox 712 1286 852 1346; x_wconf 88' lang='lat' dir='ltr'>conficies</span> <span class='ocrx_word' id='word_1_100' title='bbox 870 1285 917 1345; x_wconf 85' lang='lat' dir='ltr'>vel</span> <span class='ocrx_word' id='word_1_101' title='bbox 937 1288 1097 1363; x_wconf 91' lang='lat' dir='ltr'>permisce-</span> 
     </span>
     <span class='ocr_line' id='line_1_14' title="bbox 82 1373 1098 1453; baseline -0.005 -15"><span class='ocrx_word' id='word_1_102' title='bbox 82 1377 130 1438; x_wconf 93' lang='lat' dir='ltr'>bis</span> <span class='ocrx_word' id='word_1_103' title='bbox 157 1375 245 1436; x_wconf 88' lang='lat' dir='ltr'>melle</span> <span class='ocrx_word' id='word_1_104' title='bbox 274 1376 435 1435; x_wconf 90' lang='lat' dir='ltr'>semicocto</span> <span class='ocrx_word' id='word_1_105' title='bbox 461 1382 491 1434; x_wconf 89' lang='lat' dir='ltr'>et</span> <span class='ocrx_word' id='word_1_106' title='bbox 514 1374 597 1434; x_wconf 92' lang='lat' dir='ltr'>dabis</span> <span class='ocrx_word' id='word_1_107' title='bbox 621 1376 706 1435; x_wconf 91' lang='lat' dir='ltr'>nucis</span> <span class='ocrx_word' id='word_1_108' title='bbox 730 1373 871 1434; x_wconf 88' lang='lat' dir='ltr'>Ponticae</span> <span class='ocrx_word' id='word_1_109' title='bbox 894 1373 1098 1453; x_wconf 90' lang='lat' dir='ltr'>magnitudine</span> 
     </span>
     <span class='ocr_line' id='line_1_15' title="bbox 84 1462 1097 1543; baseline -0.005 -17"><span class='ocrx_word' id='word_1_110' title='bbox 84 1484 155 1526; x_wconf 91' lang='lat' dir='ltr'>cnm</span> <span class='ocrx_word' id='word_1_111' title='bbox 178 1482 253 1543; x_wconf 90' lang='lat' dir='ltr'>aqua</span> <span class='ocrx_word' id='word_1_112' title='bbox 277 1463 383 1543; x_wconf 71' lang='lat' dir='ltr'>calida,</span> <span class='ocrx_word' id='word_1_113' title='bbox 408 1463 528 1540; x_wconf 86' lang='lat' dir='ltr'>quidam</span> <span class='ocrx_word' id='word_1_114' title='bbox 551 1463 607 1523; x_wconf 93' lang='lat' dir='ltr'>hoc</span> <span class='ocrx_word' id='word_1_115' title='bbox 630 1465 662 1522; x_wconf 90' lang='lat' dir='ltr'>in</span> <span class='ocrx_word' id='word_1_116' title='bbox 681 1463 809 1542; x_wconf 79' lang='lat' dir='ltr'>oxymeli</span> <span class='ocrx_word' id='word_1_117' title='bbox 828 1463 954 1543; x_wconf 89' lang='lat' dir='ltr'>solvunt,</span> <span class='ocrx_word' id='word_1_118' title='bbox 978 1462 1097 1542; x_wconf 90' lang='lat' dir='ltr'>quidam</span> 
     </span>
    </p>

    <p class='ocr_par' dir='ltr' id='par_1_5' title="bbox 42 1551 1097 1722">
     <span class='ocr_line' id='line_1_16' title="bbox 42 1551 1097 1632; baseline -0.005 -17"><span class='ocrx_word' id='word_1_119' title='bbox 42 1567 70 1607; x_wconf 80' lang='lat'>1⁵</span> <span class='ocrx_word' id='word_1_120' title='bbox 84 1557 116 1615; x_wconf 92' lang='lat' dir='ltr'>in</span> <span class='ocrx_word' id='word_1_121' title='bbox 138 1555 208 1614; x_wconf 81' lang='lat' dir='ltr'>rino</span> <span class='ocrx_word' id='word_1_122' title='bbox 231 1554 324 1612; x_wconf 84' lang='lat' dir='ltr'>mixto</span> <span class='ocrx_word' id='word_1_123' title='bbox 348 1553 507 1632; x_wconf 90' lang='lat' dir='ltr'>accipiunt,</span> <span class='ocrx_word' id='word_1_124' title='bbox 530 1551 580 1611; x_wconf 93' lang='lat' dir='ltr'>alii</span> <span class='ocrx_word' id='word_1_125' title='bbox 601 1561 786 1613; x_wconf 88' lang='lat' dir='ltr'>consuerunt</span> <span class='ocrx_word' id='word_1_126' title='bbox 804 1552 943 1613; x_wconf 92' lang='lat' dir='ltr'>cocliario</span> <span class='ocrx_word' id='word_1_127' title='bbox 962 1554 1097 1629; x_wconf 91' lang='lat' dir='ltr'>accipere</span> 
     </span>
     <span class='ocr_line' id='line_1_17' title="bbox 83 1640 573 1722; baseline -0.004 -18"><span class='ocrx_word' id='word_1_128' title='bbox 83 1660 194 1722; x_wconf 90' lang='lat' dir='ltr'>purum</span> <span class='ocrx_word' id='word_1_129' title='bbox 218 1640 254 1700; x_wconf 95' lang='lat' dir='ltr'>ad</span> <span class='ocrx_word' id='word_1_130' title='bbox 277 1641 390 1720; x_wconf 90' lang='lat' dir='ltr'>lapides</span> <span class='ocrx_word' id='word_1_131' title='bbox 414 1640 573 1702; x_wconf 83' lang='lat' dir='ltr'>eiciendos</span> 
     </span>
    </p>

    <p class='ocr_par' dir='ltr' id='par_1_6' title="bbox 85 1721 1152 1986">
     <span class='ocr_line' id='line_1_18' title="bbox 174 1721 1152 1807; baseline 0.001 -17"><span class='ocrx_word' id='word_1_132' title='bbox 174 1729 340 1807; x_wconf 89' lang='lat' dir='ltr'>Descriptio</span> <span class='ocrx_word' id='word_1_133' title='bbox 369 1731 460 1807; x_wconf 91' lang='lat' dir='ltr'>panni</span> <span class='ocrx_word' id='word_1_134' title='bbox 487 1732 593 1790; x_wconf 90' lang='lat' dir='ltr'>rustici</span> <span class='ocrx_word' id='word_1_135' title='bbox 620 1730 756 1790; x_wconf 87' lang='lat' dir='ltr'>facientis</span> <span class='ocrx_word' id='word_1_136' title='bbox 780 1730 814 1789; x_wconf 91' lang='lat' dir='ltr'>ad</span> <span class='ocrx_word' id='word_1_137' title='bbox 839 1721 988 1790; x_wconf 90' lang='lat' dir='ltr'>viscerum</span> <span class='ocrx_word' id='word_1_138' title='bbox 1012 1746 1097 1788; x_wconf 90' lang='lat' dir='ltr'>cura·</span> <span class='ocrx_word' id='word_1_139' title='bbox 1117 1743 1152 1791; x_wconf 83' lang='lat'>94</span> 
     </span>
     <span class='ocr_line' id='line_1_19' title="bbox 85 1816 1098 1899; baseline -0.003 -20"><span class='ocrx_word' id='word_1_140' title='bbox 85 1821 199 1880; x_wconf 88' lang='lat' dir='ltr'>tionem</span> <span class='ocrx_word' id='word_1_141' title='bbox 222 1820 278 1879; x_wconf 87' lang='lat' dir='ltr'>sic:</span> <span class='ocrx_word' id='word_1_142' title='bbox 310 1817 375 1877; x_wconf 87' lang='lat' dir='ltr'>Olei</span> <span class='ocrx_word' id='word_1_143' title='bbox 397 1818 428 1877; x_wconf 91' lang='lat' dir='ltr'>P.</span> <span class='ocrx_word' id='word_1_144' title='bbox 448 1818 474 1897; x_wconf 91' lang='lat' dir='ltr'>l,</span> <span class='ocrx_word' id='word_1_145' title='bbox 502 1820 646 1897; x_wconf 83' lang='lat' dir='ltr'>axungiae</span> <span class='ocrx_word' id='word_1_146' title='bbox 669 1820 779 1878; x_wconf 90' lang='lat' dir='ltr'>veteris</span> <span class='ocrx_word' id='word_1_147' title='bbox 802 1818 833 1877; x_wconf 91' lang='lat' dir='ltr'>P.</span> <span class='ocrx_word' id='word_1_148' title='bbox 853 1817 879 1899; x_wconf 97' lang='grc' dir='ltr'>Ι,</span> <span class='ocrx_word' id='word_1_149' title='bbox 907 1817 1008 1895; x_wconf 82' lang='lat' dir='ltr'>butyri</span> <span class='ocrx_word' id='word_1_150' title='bbox 1026 1816 1056 1877; x_wconf 91' lang='lat' dir='ltr'>P.</span> <span class='ocrx_word' id='word_1_151' title='bbox 1076 1817 1098 1897; x_wconf 96' lang='grc' dir='ltr'>Ι,</span> 
     </span>
     <span class='ocr_line' id='line_1_20' title="bbox 87 1905 1098 1986; baseline -0.002 -20"><span class='ocrx_word' id='word_1_152' title='bbox 87 1906 198 1966; x_wconf 90' lang='lat' dir='ltr'>herbae</span> <span class='ocrx_word' id='word_1_153' title='bbox 221 1906 345 1967; x_wconf 89' lang='lat' dir='ltr'>Sabinae</span> <span class='ocrx_word' id='word_1_154' title='bbox 364 1906 395 1966; x_wconf 92' lang='lat' dir='ltr'>P.</span> <span class='ocrx_word' id='word_1_155' title='bbox 414 1906 436 1986; x_wconf 95' lang='lat' dir='ltr'>l,</span> <span class='ocrx_word' id='word_1_156' title='bbox 460 1906 568 1966; x_wconf 90' lang='lat' dir='ltr'>barbae</span> <span class='ocrx_word' id='word_1_157' title='bbox 592 1906 668 1966; x_wconf 86' lang='lat' dir='ltr'>Iovis</span> <span class='ocrx_word' id='word_1_158' title='bbox 687 1906 717 1966; x_wconf 92' lang='lat' dir='ltr'>P.</span> <span class='ocrx_word' id='word_1_159' title='bbox 736 1905 749 1964; x_wconf 99' lang='grc' dir='ltr'>Ι</span> <span class='ocrx_word' id='word_1_160' title='bbox 796 1905 868 1966; x_wconf 88' lang='lat' dir='ltr'>Tam</span> <span class='ocrx_word' id='word_1_161' title='bbox 887 1906 939 1964; x_wconf 92' lang='lat' dir='ltr'>diu</span> <span class='ocrx_word' id='word_1_162' title='bbox 957 1905 1030 1965; x_wconf 92' lang='lat' dir='ltr'>haec</span> <span class='ocrx_word' id='word_1_163' title='bbox 1049 1906 1098 1964; x_wconf 93' lang='lat' dir='ltr'>de-</span> 
     </span>
    </p>

    <p class='ocr_par' dir='ltr' id='par_1_7' title="bbox 45 1993 1099 2428">
     <span class='ocr_line' id='line_1_21' title="bbox 45 1993 1098 2075; baseline 0.003 -25"><span class='ocrx_word' id='word_1_164' title='bbox 45 2009 75 2050; x_wconf 80' lang='lat'>20</span> <span class='ocrx_word' id='word_1_165' title='bbox 89 2012 211 2075; x_wconf 86' lang='lat' dir='ltr'>coques,</span> <span class='ocrx_word' id='word_1_166' title='bbox 235 1995 377 2074; x_wconf 90' lang='lat' dir='ltr'>quamdiu</span> <span class='ocrx_word' id='word_1_167' title='bbox 399 1994 508 2054; x_wconf 89' lang='lat' dir='ltr'>herbae</span> <span class='ocrx_word' id='word_1_168' title='bbox 532 2004 680 2072; x_wconf 89' lang='lat' dir='ltr'>arescant,</span> <span class='ocrx_word' id='word_1_169' title='bbox 708 2002 810 2072; x_wconf 91' lang='lat' dir='ltr'>postea</span> <span class='ocrx_word' id='word_1_170' title='bbox 834 1993 969 2054; x_wconf 90' lang='lat' dir='ltr'>colantur</span> <span class='ocrx_word' id='word_1_171' title='bbox 997 2002 1027 2054; x_wconf 91' lang='lat' dir='ltr'>et</span> <span class='ocrx_word' id='word_1_172' title='bbox 1050 1994 1098 2053; x_wconf 91' lang='lat' dir='ltr'>ad·</span> 
     </span>
     <span class='ocr_line' id='line_1_22' title="bbox 87 2081 1097 2163; baseline -0.003 -19"><span class='ocrx_word' id='word_1_173' title='bbox 87 2084 168 2145; x_wconf 86' lang='lat' dir='ltr'>ditur</span> <span class='ocrx_word' id='word_1_174' title='bbox 191 2103 276 2144; x_wconf 91' lang='lat' dir='ltr'>cerae</span> <span class='ocrx_word' id='word_1_175' title='bbox 295 2083 378 2162; x_wconf 91' lang='lat' dir='ltr'>libra,</span> <span class='ocrx_word' id='word_1_176' title='bbox 402 2085 519 2143; x_wconf 89' lang='lat' dir='ltr'>resinae</span> <span class='ocrx_word' id='word_1_177' title='bbox 537 2083 568 2143; x_wconf 92' lang='lat' dir='ltr'>P.</span> <span class='ocrx_word' id='word_1_178' title='bbox 587 2082 609 2163; x_wconf 93' lang='lat' dir='ltr'>l,</span> <span class='ocrx_word' id='word_1_179' title='bbox 632 2084 744 2142; x_wconf 78' lang='lat' dir='ltr'>farinae</span> <span class='ocrx_word' id='word_1_180' title='bbox 768 2083 804 2142; x_wconf 89' lang='lat' dir='ltr'>de</span> <span class='ocrx_word' id='word_1_181' title='bbox 823 2082 922 2161; x_wconf 92' lang='lat' dir='ltr'>puleio</span> <span class='ocrx_word' id='word_1_182' title='bbox 941 2081 972 2142; x_wconf 91' lang='lat' dir='ltr'>P.</span> <span class='ocrx_word' id='word_1_183' title='bbox 992 2082 1013 2162; x_wconf 89' lang='grc' dir='ltr'>Ι,</span> <span class='ocrx_word' id='word_1_184' title='bbox 1034 2081 1097 2160; x_wconf 90' lang='lat' dir='ltr'>pul·</span> 
     </span>
     <span class='ocr_line' id='line_1_23' title="bbox 85 2170 1098 2252; baseline -0.004 -19"><span class='ocrx_word' id='word_1_185' title='bbox 85 2174 164 2233; x_wconf 87' lang='lat' dir='ltr'>reris</span> <span class='ocrx_word' id='word_1_186' title='bbox 192 2173 229 2233; x_wconf 91' lang='lat' dir='ltr'>de</span> <span class='ocrx_word' id='word_1_187' title='bbox 257 2172 329 2232; x_wconf 91' lang='lat' dir='ltr'>baca</span> <span class='ocrx_word' id='word_1_188' title='bbox 356 2172 433 2247; x_wconf 91' lang='lat' dir='ltr'>lauri</span> <span class='ocrx_word' id='word_1_189' title='bbox 456 2171 486 2233; x_wconf 91' lang='lat' dir='ltr'>P.</span> <span class='ocrx_word' id='word_1_190' title='bbox 506 2171 532 2252; x_wconf 92' lang='lat'>1,</span> <span class='ocrx_word' id='word_1_191' title='bbox 560 2172 596 2232; x_wconf 94' lang='lat' dir='ltr'>de</span> <span class='ocrx_word' id='word_1_192' title='bbox 624 2172 693 2230; x_wconf 88' lang='lat' dir='ltr'>fimo</span> <span class='ocrx_word' id='word_1_193' title='bbox 722 2171 808 2231; x_wconf 85' lang='lat' dir='ltr'>ovillo</span> <span class='ocrx_word' id='word_1_194' title='bbox 836 2171 915 2231; x_wconf 92' lang='lat' dir='ltr'>unde</span> <span class='ocrx_word' id='word_1_195' title='bbox 939 2170 1043 2230; x_wconf 93' lang='lat' dir='ltr'>ovibus</span> <span class='ocrx_word' id='word_1_196' title='bbox 1067 2173 1098 2229; x_wconf 94' lang='lat' dir='ltr'>in</span> 
     </span>
     <span class='ocr_line' id='line_1_24' title="bbox 85 2260 1099 2338; baseline -0.003 -17"><span class='ocrx_word' id='word_1_197' title='bbox 85 2261 152 2322; x_wconf 90' lang='lat' dir='ltr'>lana</span> <span class='ocrx_word' id='word_1_198' title='bbox 174 2261 305 2321; x_wconf 89' lang='lat' dir='ltr'>haeserit</span> <span class='ocrx_word' id='word_1_199' title='bbox 323 2260 353 2321; x_wconf 91' lang='lat' dir='ltr'>P.</span> <span class='ocrx_word' id='word_1_200' title='bbox 373 2261 394 2321; x_wconf 94' lang='grc' dir='ltr'>Ι.</span> <span class='ocrx_word' id='word_1_201' title='bbox 436 2261 515 2321; x_wconf 92' lang='lat' dir='ltr'>Haec</span> <span class='ocrx_word' id='word_1_202' title='bbox 539 2263 636 2321; x_wconf 92' lang='lat' dir='ltr'>omnia</span> <span class='ocrx_word' id='word_1_203' title='bbox 659 2262 691 2320; x_wconf 92' lang='lat' dir='ltr'>in</span> <span class='ocrx_word' id='word_1_204' title='bbox 713 2278 808 2321; x_wconf 91' lang='lat' dir='ltr'>unum</span> <span class='ocrx_word' id='word_1_205' title='bbox 831 2278 940 2338; x_wconf 89' lang='lat' dir='ltr'>corpus</span> <span class='ocrx_word' id='word_1_206' title='bbox 959 2260 1099 2338; x_wconf 86' lang='lat' dir='ltr'>redigun-</span> 
     </span>
     <span class='ocr_line' id='line_1_25' title="bbox 85 2350 1098 2428; baseline -0.002 -18"><span class='ocrx_word' id='word_1_207' title='bbox 85 2357 137 2410; x_wconf 92' lang='lat' dir='ltr'>tur</span> <span class='ocrx_word' id='word_1_208' title='bbox 161 2358 191 2410; x_wconf 90' lang='lat' dir='ltr'>et</span> <span class='ocrx_word' id='word_1_209' title='bbox 212 2352 433 2428; x_wconf 87' lang='lat' dir='ltr'>permiscentur</span> <span class='ocrx_word' id='word_1_210' title='bbox 456 2359 486 2410; x_wconf 90' lang='lat' dir='ltr'>ct</span> <span class='ocrx_word' id='word_1_211' title='bbox 508 2351 577 2410; x_wconf 93' lang='lat' dir='ltr'>inde</span> <span class='ocrx_word' id='word_1_212' title='bbox 600 2368 717 2428; x_wconf 91' lang='lat' dir='ltr'>pannus</span> <span class='ocrx_word' id='word_1_213' title='bbox 737 2350 891 2411; x_wconf 92' lang='lat' dir='ltr'>inducitur</span> <span class='ocrx_word' id='word_1_214' title='bbox 910 2357 940 2409; x_wconf 89' lang='lat' dir='ltr'>et</span> <span class='ocrx_word' id='word_1_215' title='bbox 961 2352 1098 2427; x_wconf 90' lang='lat' dir='ltr'>quotiens</span> 
     </span>
    </p>

    <p class='ocr_par' dir='ltr' id='par_1_8' title="bbox 42 2437 761 2518">
     <span class='ocr_line' id='line_1_26' title="bbox 42 2437 761 2518; baseline 0.007 -23"><span class='ocrx_word' id='word_1_216' title='bbox 42 2454 71 2495; x_wconf 78' lang='lat' dir='ltr'>as</span> <span class='ocrx_word' id='word_1_217' title='bbox 85 2437 215 2498; x_wconf 87' lang='lat' dir='ltr'>volueris</span> <span class='ocrx_word' id='word_1_218' title='bbox 239 2446 394 2516; x_wconf 89' lang='lat' dir='ltr'>reparatus</span> <span class='ocrx_word' id='word_1_219' title='bbox 418 2439 569 2499; x_wconf 90' lang='lat' dir='ltr'>stomacho</span> <span class='ocrx_word' id='word_1_220' title='bbox 593 2439 761 2518; x_wconf 88' lang='lat' dir='ltr'>adponitur.</span> 
     </span>
    </p>

    <p class='ocr_par' dir='ltr' id='par_1_9' title="bbox 84 2527 1151 2872">
     <span class='ocr_line' id='line_1_27' title="bbox 175 2527 1151 2608; baseline 0 -22"><span class='ocrx_word' id='word_1_221' title='bbox 175 2527 228 2586; x_wconf 87' lang='lat' dir='ltr'>Dia</span> <span class='ocrx_word' id='word_1_222' title='bbox 251 2533 395 2608; x_wconf 90' lang='lat' dir='ltr'>tessaron,</span> <span class='ocrx_word' id='word_1_223' title='bbox 420 2529 498 2606; x_wconf 94' lang='lat' dir='ltr'>quod</span> <span class='ocrx_word' id='word_1_224' title='bbox 521 2528 634 2589; x_wconf 84' lang='lat' dir='ltr'>labrem</span> <span class='ocrx_word' id='word_1_225' title='bbox 654 2528 737 2588; x_wconf 88' lang='lat' dir='ltr'>sedat</span> <span class='ocrx_word' id='word_1_226' title='bbox 756 2536 786 2589; x_wconf 93' lang='lat' dir='ltr'>ct</span> <span class='ocrx_word' id='word_1_227' title='bbox 804 2530 918 2589; x_wconf 89' lang='lat' dir='ltr'>viscera</span> <span class='ocrx_word' id='word_1_228' title='bbox 938 2529 1098 2606; x_wconf 83' lang='lat' dir='ltr'>componit,</span> <span class='ocrx_word' id='word_1_229' title='bbox 1117 2535 1151 2586; x_wconf 81' lang='grc'>95</span> 
     </span>
     <span class='ocr_line' id='line_1_28' title="bbox 85 2615 1098 2697; baseline -0.001 -22"><span class='ocrx_word' id='word_1_230' title='bbox 85 2617 194 2694; x_wconf 90' lang='lat' dir='ltr'>accipit</span> <span class='ocrx_word' id='word_1_231' title='bbox 216 2615 302 2675; x_wconf 90' lang='lat' dir='ltr'>haec:</span> <span class='ocrx_word' id='word_1_232' title='bbox 327 2615 391 2675; x_wconf 87' lang='lat' dir='ltr'>Olei</span> <span class='ocrx_word' id='word_1_233' title='bbox 410 2617 554 2677; x_wconf 89' lang='lat' dir='ltr'>coclearia</span> <span class='ocrx_word' id='word_1_234' title='bbox 573 2619 639 2697; x_wconf 90' lang='lat' dir='ltr'>tria,</span> <span class='ocrx_word' id='word_1_235' title='bbox 659 2619 736 2677; x_wconf 88' lang='lat' dir='ltr'>aceti</span> <span class='ocrx_word' id='word_1_236' title='bbox 754 2617 898 2677; x_wconf 89' lang='lat' dir='ltr'>coclearia</span> <span class='ocrx_word' id='word_1_237' title='bbox 917 2619 983 2697; x_wconf 91' lang='lat' dir='ltr'>tria,</span> <span class='ocrx_word' id='word_1_238' title='bbox 1001 2615 1098 2675; x_wconf 90' lang='lat' dir='ltr'>mellis</span> 
     </span>
     <span class='ocr_line' id='line_1_29' title="bbox 84 2703 1098 2784; baseline -0.001 -21"><span class='ocrx_word' id='word_1_239' title='bbox 84 2703 157 2763; x_wconf 93' lang='lat' dir='ltr'>boni</span> <span class='ocrx_word' id='word_1_240' title='bbox 180 2704 348 2782; x_wconf 92' lang='lat' dir='ltr'>despumati</span> <span class='ocrx_word' id='word_1_241' title='bbox 371 2705 516 2765; x_wconf 91' lang='lat' dir='ltr'>coclearia</span> <span class='ocrx_word' id='word_1_242' title='bbox 538 2708 608 2784; x_wconf 90' lang='lat' dir='ltr'>tria,</span> <span class='ocrx_word' id='word_1_243' title='bbox 636 2707 698 2764; x_wconf 93' lang='lat' dir='ltr'>vini</span> <span class='ocrx_word' id='word_1_244' title='bbox 724 2707 834 2765; x_wconf 91' lang='lat' dir='ltr'>veteris</span> <span class='ocrx_word' id='word_1_245' title='bbox 859 2705 931 2764; x_wconf 93' lang='lat' dir='ltr'>boni</span> <span class='ocrx_word' id='word_1_246' title='bbox 954 2704 1098 2764; x_wconf 88' lang='lat' dir='ltr'>coclearia</span> 
     </span>
     <span class='ocr_line' id='line_1_30' title="bbox 84 2791 1099 2872; baseline -0.002 -21"><span class='ocrx_word' id='word_1_247' title='bbox 84 2793 156 2872; x_wconf 73' lang='lat' dir='ltr'>tria,</span> <span class='ocrx_word' id='word_1_248' title='bbox 183 2791 257 2852; x_wconf 90' lang='lat' dir='ltr'>haec</span> <span class='ocrx_word' id='word_1_249' title='bbox 280 2800 340 2852; x_wconf 88' lang='lat' dir='ltr'>tam</span> <span class='ocrx_word' id='word_1_250' title='bbox 367 2793 418 2853; x_wconf 94' lang='lat' dir='ltr'>diu</span> <span class='ocrx_word' id='word_1_251' title='bbox 442 2794 665 2872; x_wconf 85' lang='lat' dir='ltr'>decoquuntur,</span> <span class='ocrx_word' id='word_1_252' title='bbox 694 2793 834 2870; x_wconf 90' lang='lat' dir='ltr'>quamdiu</span> <span class='ocrx_word' id='word_1_253' title='bbox 859 2794 956 2851; x_wconf 92' lang='lat' dir='ltr'>omnia</span> <span class='ocrx_word' id='word_1_254' title='bbox 982 2792 1017 2850; x_wconf 92' lang='lat' dir='ltr'>ad</span> <span class='ocrx_word' id='word_1_255' title='bbox 1041 2793 1099 2850; x_wconf 90' lang='lat' dir='ltr'>tria</span> 
     </span>
    </p>

    <p class='ocr_par' dir='ltr' id='par_1_10' title="bbox 42 2879 1099 2960">
     <span class='ocr_line' id='line_1_31' title="bbox 42 2879 1099 2960; baseline -0.002 -22"><span class='ocrx_word' id='word_1_256' title='bbox 42 2896 71 2938; x_wconf 88' lang='lat' dir='ltr'>ao</span> <span class='ocrx_word' id='word_1_257' title='bbox 86 2881 231 2941; x_wconf 87' lang='lat' dir='ltr'>coclearia</span> <span class='ocrx_word' id='word_1_258' title='bbox 254 2881 437 2960; x_wconf 87' lang='lat' dir='ltr'>redigantur,</span> <span class='ocrx_word' id='word_1_259' title='bbox 461 2888 490 2940; x_wconf 88' lang='lat' dir='ltr'>et</span> <span class='ocrx_word' id='word_1_260' title='bbox 512 2883 553 2939; x_wconf 90' lang='lat' dir='ltr'>ita</span> <span class='ocrx_word' id='word_1_261' title='bbox 571 2880 662 2939; x_wconf 91' lang='lat' dir='ltr'>linteo</span> <span class='ocrx_word' id='word_1_262' title='bbox 681 2879 803 2939; x_wconf 91' lang='lat' dir='ltr'>inducta</span> <span class='ocrx_word' id='word_1_263' title='bbox 825 2879 976 2938; x_wconf 89' lang='lat' dir='ltr'>stomacho</span> <span class='ocrx_word' id='word_1_264' title='bbox 996 2896 1099 2955; x_wconf 90' lang='lat' dir='ltr'>super-</span> 
     </span>
    </p>
   </div>
   <div class='ocr_carea' id='block_1_3' title="bbox 84 3080 1186 3569">
    <p class='ocr_par' dir='ltr' id='par_1_11' title="bbox 84 3080 1186 3569">
     <span class='ocr_line' id='line_1_32' title="bbox 175 3080 1100 3161; baseline -0.008 -21"><span class='ocrx_word' id='word_1_265' title='bbox 175 3093 193 3140; x_wconf 82' lang='lat'>4</span> <span class='ocrx_word' id='word_1_266' title='bbox 212 3087 363 3143; x_wconf 80' lang='lat' dir='ltr'>achariaiu.</span> <span class='ocrx_word' id='word_1_267' title='bbox 476 3090 540 3156; x_wconf 78' lang='lat' dir='ltr'>port</span> <span class='ocrx_word' id='word_1_268' title='bbox 558 3083 717 3154; x_wconf 79' lang='lat' dir='ltr'>appella-tur</span> <span class='ocrx_word' id='word_1_269' title='bbox 733 3084 798 3139; x_wconf 83' lang='lat' dir='ltr'>add.</span> <span class='ocrx_word' id='word_1_270' title='bbox 817 3083 847 3137; x_wconf 93' lang='lat' dir='ltr'>id</span> <span class='ocrx_word' id='word_1_271' title='bbox 867 3080 989 3136; x_wconf 76' lang='lat' dir='ltr'>estsine</span> <span class='ocrx_word' id='word_1_272' title='bbox 1008 3080 1100 3161; x_wconf 68' lang='lat' dir='ltr'>gratia</span> 
     </span>
     <span class='ocr_line' id='line_1_33' title="bbox 86 3152 1098 3226; baseline -0.006 -14"><span class='ocrx_word' id='word_1_273' title='bbox 86 3157 247 3214; x_wconf 76' lang='lat' dir='ltr'>Carnarius.</span> <span class='ocrx_word' id='word_1_274' title='bbox 322 3157 513 3214; x_wconf 77' lang='lat' dir='ltr'>dolimaiion.</span> <span class='ocrx_word' id='word_1_275' title='bbox 577 3154 819 3226; x_wconf 74' lang='lat' dir='ltr'>iphleumaiicis.</span> <span class='ocrx_word' id='word_1_276' title='bbox 883 3152 1098 3207; x_wconf 79' lang='lat' dir='ltr'>8amor101das.</span> 
     </span>
     <span class='ocr_line' id='line_1_34' title="bbox 86 3223 1099 3293; baseline -0.005 -11"><span class='ocrx_word' id='word_1_277' title='bbox 86 3233 119 3282; x_wconf 89' lang='lat'>11</span> <span class='ocrx_word' id='word_1_278' title='bbox 144 3228 300 3286; x_wconf 83' lang='lat' dir='ltr'>faeniculis.</span> <span class='ocrx_word' id='word_1_279' title='bbox 401 3236 435 3284; x_wconf 84' lang='lat'>14</span> <span class='ocrx_word' id='word_1_280' title='bbox 460 3227 583 3284; x_wconf 87' lang='lat' dir='ltr'>oximeli.</span> <span class='ocrx_word' id='word_1_281' title='bbox 684 3232 717 3281; x_wconf 82' lang='lat'>19</span> <span class='ocrx_word' id='word_1_282' title='bbox 740 3226 838 3281; x_wconf 85' lang='lat' dir='ltr'>barba.</span> <span class='ocrx_word' id='word_1_283' title='bbox 936 3229 969 3277; x_wconf 76' lang='lat'>21</span> <span class='ocrx_word' id='word_1_284' title='bbox 997 3223 1099 3293; x_wconf 88' lang='lat' dir='ltr'>pulvis.</span> 
     </span>
     <span class='ocr_line' id='line_1_35' title="bbox 85 3293 1100 3371; baseline -0.008 -17"><span class='ocrx_word' id='word_1_285' title='bbox 85 3305 120 3354; x_wconf 80' lang='lat'>22</span> <span class='ocrx_word' id='word_1_286' title='bbox 148 3300 236 3356; x_wconf 88' lang='lat' dir='ltr'>ovilli.</span> <span class='ocrx_word' id='word_1_287' title='bbox 358 3307 393 3356; x_wconf 81' lang='lat'>28</span> <span class='ocrx_word' id='word_1_288' title='bbox 417 3307 481 3371; x_wconf 83' lang='lat' dir='ltr'>poet</span> <span class='ocrx_word' id='word_1_289' title='bbox 507 3299 611 3356; x_wconf 80' lang='lat' dir='ltr'>veteris</span> <span class='ocrx_word' id='word_1_290' title='bbox 637 3299 748 3369; x_wconf 77' lang='lat' dir='ltr'>repetit:</span> <span class='ocrx_word' id='word_1_291' title='bbox 784 3297 839 3352; x_wconf 86' lang='lat' dir='ltr'>Dia</span> <span class='ocrx_word' id='word_1_292' title='bbox 864 3299 992 3353; x_wconf 84' lang='lat' dir='ltr'>tessaron</span> <span class='ocrx_word' id='word_1_293' title='bbox 1023 3293 1100 3362; x_wconf 88' lang='lat' dir='ltr'>qnod</span> 
     </span>
     <span class='ocr_line' id='line_1_36' title="bbox 84 3364 1186 3442; baseline -0.005 -18"><span class='ocrx_word' id='word_1_294' title='bbox 84 3370 194 3425; x_wconf 88' lang='lat' dir='ltr'>febrem</span> <span class='ocrx_word' id='word_1_295' title='bbox 218 3373 299 3426; x_wconf 78' lang='lat' dir='ltr'>aedat</span> <span class='ocrx_word' id='word_1_296' title='bbox 322 3373 352 3427; x_wconf 78' lang='lat' dir='ltr'>ch</span> <span class='ocrx_word' id='word_1_297' title='bbox 373 3372 482 3427; x_wconf 83' lang='lat' dir='ltr'>viscera</span> <span class='ocrx_word' id='word_1_298' title='bbox 504 3371 648 3442; x_wconf 82' lang='lat' dir='ltr'>componit</span> <span class='ocrx_word' id='word_1_299' title='bbox 671 3369 777 3439; x_wconf 77' lang='lat' dir='ltr'>accipit.</span> <span class='ocrx_word' id='word_1_300' title='bbox 799 3371 869 3424; x_wconf 85' lang='lat' dir='ltr'>baec</span> <span class='ocrx_word' id='word_1_301' title='bbox 893 3367 948 3423; x_wconf 92' lang='lat' dir='ltr'>olei</span> <span class='ocrx_word' id='word_1_302' title='bbox 967 3364 1100 3421; x_wconf 85' lang='lat' dir='ltr'>cocliaria</span> <span class='ocrx_word' id='word_1_303' title='bbox 1182 3365 1186 3372; x_wconf 88' lang='grc'><strong>’</strong></span> 
     </span>
     <span class='ocr_line' id='line_1_37' title="bbox 85 3436 1100 3567; baseline -0.007 -71"><span class='ocrx_word' id='word_1_304' title='bbox 85 3440 147 3567; x_wconf 82' lang='lat' dir='ltr'>trial</span> <span class='ocrx_word' id='word_1_305' title='bbox 170 3441 263 3496; x_wconf 82' lang='lat' dir='ltr'>mellis</span> <span class='ocrx_word' id='word_1_306' title='bbox 290 3442 358 3497; x_wconf 90' lang='lat' dir='ltr'>boni</span> <span class='ocrx_word' id='word_1_307' title='bbox 385 3444 545 3515; x_wconf 79' lang='lat' dir='ltr'>despumati</span> <span class='ocrx_word' id='word_1_308' title='bbox 572 3442 705 3498; x_wconf 85' lang='lat' dir='ltr'>cocliaria</span> <span class='ocrx_word' id='word_1_309' title='bbox 732 3439 789 3496; x_wconf 82' lang='lat' dir='ltr'>tria</span> <span class='ocrx_word' id='word_1_310' title='bbox 815 3441 875 3496; x_wconf 85' lang='lat' dir='ltr'>vini</span> <span class='ocrx_word' id='word_1_311' title='bbox 901 3437 1005 3494; x_wconf 77' lang='lat' dir='ltr'>veteris</span> <span class='ocrx_word' id='word_1_312' title='bbox 1033 3436 1100 3491; x_wconf 90' lang='lat' dir='ltr'>boni</span> 
     </span>
     <span class='ocr_line' id='line_1_38' title="bbox 86 3512 305 3569; baseline 0 -1"><span class='ocrx_word' id='word_1_313' title='bbox 86 3513 224 3568; x_wconf 83' lang='lat' dir='ltr'>oocearia</span> <span class='ocrx_word' id='word_1_314' title='bbox 242 3512 305 3569; x_wconf 85' lang='lat' dir='ltr'>tric.</span> 
     </span>
    </p>
   </div>
   <div class='ocr_carea' id='block_1_4' title="bbox 0 0 1224 3802">
    <p class='ocr_par' dir='ltr' id='par_1_12' title="bbox 0 0 1224 3802">
     <span class='ocr_line' id='line_1_39' title="bbox 0 0 1224 3802; baseline 0 0"><span class='ocrx_word' id='word_1_315' title='bbox 0 0 1224 3802; x_wconf 95' lang='lat' dir='ltr'> </span> 
     </span>
    </p>
   </div>
  </div>
 </body>
</html>
