2438 3802
510 155 750 220 -154-

125 317 232 379 deinde
256 335 387 397 crocum,
410 325 514 396 postea
538 317 696 399 altereum,
720 318 788 380 dein
810 336 909 399 myrra
933 326 963 378 et
985 325 1048 399 tus;
1072 319 1138 396 qni-

125 407 182 468 bns
209 407 353 466 miscetur
380 408 480 485 opium
509 407 606 485 pridie
633 409 664 466 in
693 424 769 486 aqua
796 415 978 467 maceratum
1008 414 1039 467 et
1067 406 1138 466 suh·

125 495 194 556 inde
218 513 310 573 aquae
334 496 473 573 exiguum
497 495 638 576 adicitur,
668 495 763 556 donee
790 496 862 574 fingi
888 494 998 573 pastilli
1020 497 1138 573 possint

125 585 162 645 ad
185 583 301 662 pondus
324 583 439 644 denarii
462 586 608 663 semissis,
636 584 706 644 licet
731 583 781 644 alii
803 585 891 644 tertia
913 583 1003 644 huius
1025 583 1137 661 ponde·

125 674 168 733 ris
192 672 323 732 detracta
347 672 455 732 faciant
476 671 620 751 pastillos.
665 671 779 733 Dantur
802 674 833 732 in
857 680 976 732 noctem
999 690 1035 732 ex
1059 689 1165 750 aquae

125 760 239 841 cyathis
267 760 379 841 tribus,
407 778 544 822 somnum
572 761 699 842 faciunt,
726 760 859 822 dolorem
882 778 1000 821 omnem
1024 759 1138 839 sedant,

125 857 160 910 ut
189 851 328 927 superius
355 848 425 909 dixi.
471 848 597 928 Oportet
623 857 721 911 autem
750 867 786 910 ex
814 867 849 909 eo
877 851 966 909 etiam
992 849 1138 927 catapotia

125 938 203 1018 heri,
232 937 351 1016 quidam
377 939 457 998 enim
480 937 596 998 facilius
620 956 654 999 ea
677 955 766 1017 quam
788 939 938 1017 potionem
962 945 1085 997 sumunt
1108 944 1139 996 et

126 1043 186 1086 non
208 1024 334 1086 multum
357 1026 393 1086 ad
417 1025 596 1088 medendum
618 1029 753 1087 interest.

90 1127 106 1175 a
215 1113 410 1196 CatapotIum,
433 1114 462 1175 id
482 1123 528 1175 est
545 1115 803 1195 medicamentum,
827 1113 906 1193 quod
925 1132 984 1174 non
1003 1112 1138 1192 diluitur,
1153 1134 1180 1174 ιο

126 1201 178 1263 sed
201 1205 243 1263 ita
265 1213 299 1264 nt
322 1211 368 1264 est
390 1212 521 1283 voratur,
544 1202 580 1264 ad
604 1204 719 1282 tussim,
743 1221 811 1263 cnm
831 1205 894 1262 sine
918 1201 1005 1262 modo
1025 1201 1138 1282 defluit,

125 1292 283 1352 conficitur
306 1293 362 1352 sic:
386 1290 473 1353 Croci
495 1290 586 1371 inl,
610 1309 725 1372 myrrae
745 1290 820 1372 IIII,
843 1293 894 1370 opi
912 1289 937 1352 X
952 1291 973 1352 I.
1006 1290 1138 1351 Contun-

125 1379 206 1440 ditur
229 1398 351 1440 crocum
375 1383 487 1441 siceum
515 1388 546 1442 et
572 1379 734 1460 cribratur,
763 1388 905 1440 contusae
933 1386 964 1439 et
990 1378 1139 1440 cribratae

125 1486 241 1548 myrrae
269 1470 370 1546 opium
403 1469 584 1530 admiscetur
616 1487 693 1548 aqna
725 1471 829 1546 exigua
862 1468 1002 1549 dilutum3
1033 1477 1139 1546 postea

125 1557 253 1617 adicitur
275 1575 397 1617 erocum
421 1567 451 1618 et
473 1575 542 1618 eum
565 1560 596 1617 in
619 1576 713 1618 unum
735 1559 833 1616 omnia
852 1556 928 1616 bene
947 1558 1038 1617 mixta
1057 1565 1179 1635 sunt,1e

124 1645 278 1724 linguntur
292 1647 355 1705 ervi
369 1645 581 1724 magnitudinis
595 1644 718 1726 pilulae,
732 1645 841 1706 dantur
855 1647 887 1704 iu
900 1652 1020 1705 noctem
1033 1653 1138 1705 ternae

125 1733 170 1793 vel
198 1741 360 1813 quaternae
388 1741 418 1794 et
446 1735 472 1794 si
499 1736 595 1794 siccae
623 1751 683 1794 non
710 1735 864 1812 potuerint
893 1735 1070 1813 transmitti,
1101 1751 1138 1792 ex

125 1839 200 1900 aqua
224 1821 317 1882 calida
340 1821 456 1883 modica
479 1821 630 1883 dabuntur
654 1831 684 1882 et
707 1821 915 1882 formabuntur
939 1840 976 1882 ex
998 1840 1083 1900 aqua.

88 1924 105 1973 3
214 1909 400 1989 Catapotium
427 1911 553 1972 alterum
581 1911 617 1971 ad
645 1913 751 1972 tussim
779 1911 891 1971 aridam
919 1912 976 1971 sic:
1012 1910 1138 1989 Myrrae,

124 1997 247 2078 piperis,
270 2001 407 2080 castorei,
431 1999 560 2082 galbani,
584 2002 723 2081 storacis,
746 2001 823 2078 opii,
847 1999 1032 2078 singulorum
1055 1997 1136 2058 idem
1150 2013 1177 2054 ao

124 2087 275 2165 ponderis.
310 2087 485 2150 Castoreum
508 2099 538 2150 et
560 2091 646 2168 piper
664 2088 891 2150 contunduntur
909 2096 939 2148 et
957 2086 1138 2166 cribrantur,

125 2175 233 2237 deinde
260 2195 360 2257 myrra
388 2185 456 2238 ante
484 2179 611 2238 contrita
639 2179 747 2238 ceteris
775 2178 909 2237 contusis
938 2185 969 2236 et
998 2175 1138 2236 cribratis

125 2263 319 2346 admiscetur;
342 2264 395 2326 uhi
418 2268 550 2326 omnium
573 2267 671 2326 unitas
694 2266 771 2326 laeta
794 2272 849 2346 est,
872 2264 1039 2324 formantur
1061 2264 1138 2343 pilu-

124 2351 170 2411 lae
193 2371 229 2411 ex
252 2371 328 2431 aqua
347 2355 439 2413 viciae
460 2353 686 2435 magnitudInis3
709 2353 817 2414 dantur
836 2371 905 2413 eum
924 2352 1024 2413 caldae
1043 2371 1137 2432 aquae

125 2439 241 2500 modico
264 2448 367 2501 ternae
391 2441 437 2500 vel
462 2448 622 2520 quaternae
646 2443 677 2501 in
701 2450 828 2521 noctem,
852 2440 905 2502 sed
928 2442 1061 2521 digestis.
1152 2457 1178 2498 aa

89 2541 107 2590 4
214 2528 301 2589 Aliud
325 2530 504 2607 catapotium
527 2529 563 2589 ad
587 2531 694 2590 tussim
717 2537 856 2610 veterem,
882 2531 963 2610 quod
986 2538 1017 2591 et
1040 2532 1136 2608 suspi-

125 2617 170 2676 rio
194 2625 224 2676 et
247 2616 338 2695 pthisi
360 2624 521 2695 temptatos
544 2625 574 2678 et
596 2616 726 2678 lienosos
749 2626 780 2678 et
797 2620 881 2680 iecur
899 2619 1009 2679 durum
1028 2618 1137 2679 haben·

124 2713 171 2766 tes
190 2713 282 2786 sanat,
301 2705 381 2766 idem
398 2704 579 2766 inllationem
598 2705 676 2768 tollit
695 2715 725 2767 et
743 2715 850 2786 purgat
867 2707 1023 2768 mulierem
1038 2709 1065 2768 si
1079 2725 1137 2786 qua

125 2812 161 2854 ex
184 2803 272 2872 partu
296 2794 415 2856 sordida
438 2794 614 2876 resederint,
637 2795 795 2856 conficitur
819 2799 875 2857 sic:
899 2795 1031 2857 Storacis
1050 2794 1137 2874 xvl,

113 2901 242 2963 ,myrrae
257 2884 283 2945 Χ
296 2884 323 2944 ΙΙ
339 2883 368 2966 S,
387 2885 566 2964 opopanacis
580 2883 606 2944 ii
621 2883 653 2965 V,
667 2887 785 2946 resinae
800 2885 1018 2946 terebinthinae
1033 2882 1059 2944 x
1074 2883 1137 2963 IIII,
1151 2901 1178 2940 ao

125 2972 229 3034 alterci
253 2976 375 3035 seminis
399 2972 425 3034 Χ
444 2972 471 3053 I,
499 2975 553 3035 iris
576 2973 709 3055 Illyricae
734 2973 804 3054 xi,
833 2975 904 3034 nitri
927 2972 997 3054 III,
1024 2974 1139 3052 piperis

125 3060 184 3123 albi
207 3061 291 3143 IIII,
319 3062 436 3143 galbani
458 3061 484 3124 x
503 3061 543 3143 Il,
570 3065 620 3141 opi
648 3061 713 3123 xi.
759 3061 843 3142 Irim,
872 3060 1029 3141 alternum,
1052 3063 1140 3139 ptper

125 3151 310 3211 contundere
333 3160 362 3212 te
386 3158 505 3231 oportet
524 3157 555 3211 et
572 3150 715 3232 cribrare,
735 3152 849 3211 nitrum
868 3151 1011 3210 mortario
1030 3159 1139 3228 terere,

125 3245 225 3299 cetera
253 3239 311 3318 pilo
340 3242 542 3300 comminuere
575 3246 605 3298 et
632 3245 735 3316 postea
763 3241 861 3299 omnia
892 3241 1074 3317 permiscere
1105 3256 1139 3298 ac

198 3377 232 3426 20
251 3372 396 3428 storechie.
459 3377 492 3425 31
513 3371 657 3427 cribretur.
718 3378 752 3427 37
771 3372 951 3443 temperatos.
1005 3372 1139 3428 lienosus.

119 3443 357 3568 {gmepylrigzeripme
375 3441 515 3498 Scrt'bon..·
532 3442 690 3498 muliernm.
750 3447 785 3497 30
803 3444 999 3499 terebinlinae.
1055 3449 1089 3499 33
1109 3448 1139 3500 te
