2438 3802
508 149 726 214 -43,

109 317 203 389 gatur.
242 308 360 368 Semine
385 308 483 370 salicis
506 313 635 371 contrito
659 319 749 390 caput
772 311 885 372 lautum
909 311 1042 373 furfures
1061 315 1120 373 cito
1142 324 1175 374 18

110 399 209 458 deicit.
245 396 307 457 Oro
331 397 491 475 gallinaceo
511 407 600 478 caput
618 399 744 480 inlinito,
768 408 871 479 postea
889 418 964 478 aqua
984 401 1030 461 vel
1048 419 1120 462 suco
1144 414 1174 463 19

108 484 218 546 herbae
242 484 425 567 cyclaminis,
450 506 525 565 qnae
550 487 726 549 orbicularis
749 488 872 567 dicitur,
901 495 990 566 capnt
1012 488 1121 549 lavato:

109 575 165 635 hoc
195 583 282 654 pacto
310 572 412 635 lendes
442 579 539 637 necati
566 575 642 637 ultra
670 595 730 637 non
755 577 967 637 renascuntur.'
1003 575 1121 637 Puerile
1140 591 1175 640 20

78 663 213 724 clotinm
237 665 317 723 nitro
341 662 504 724 admixtum
527 665 627 725 nlcera
651 684 726 745 quae
741 673 908 745 erumpunt
925 665 1005 725 lauto
1025 667 1121 744 capite

108 755 183 812 mire
212 751 335 812 delinit:
367 760 524 830 expertum
556 753 729 815 remedium.
777 753 876 816 Cornu
907 756 1060 815 cervinum
1090 756 1120 814 in
1140 767 1174 816 at

109 840 230 901 scobem
252 839 386 900 limatum
410 850 439 900 et
463 859 531 902 cum
554 844 622 902 vino
646 850 750 921 potum
776 842 879 903 lendes
907 851 1012 903 enecat
1037 861 1121 903 rena·

110 931 213 1006 scique
231 946 291 988 non
308 931 428 1007 patitur.
465 929 587 991 Stercus
607 932 768 992 scrolinum
787 933 856 992 vino
875 933 1033 992 inmixtum
1051 950 1120 994 cum
1141 945 1174 993 22

108 1035 177 1077 rosa
200 1015 318 1096 liquida,
341 1017 371 1077 id
395 1025 442 1078 est
464 1037 549 1079 rosae
574 1037 655 1099 suco,
678 1019 780 1080 lendes
798 1019 1044 1099 pedunculosque
1063 1020 1121 1080 dis·

65 1125 92 1165 ro
108 1107 230 1166 cruciat.
272 1104 352 1165 Felle
381 1106 465 1167 vituli
494 1115 583 1185 caput
605 1116 786 1186 perunctum
808 1108 911 1169 lendes
935 1111 1173 1170 exterminatae

108 1195 257 1272 txungiae
281 1196 391 1254 veteris
415 1199 575 1276 semuncia,
600 1200 661 1256 sevi
684 1199 799 1275 caprini
820 1200 981 1276 semuncia,
1004 1199 1120 1257 resinae
1140 1209 1174 1259 24

105 1283 276 1361 perlucidae
296 1285 456 1362 semuncia,
476 1284 614 1345 aluminis
633 1285 784 1346 inlectorii
803 1287 963 1346 semuncia.
995 1284 1121 1347 Alumen

106 1381 186 1432 teres
213 1372 245 1431 in
274 1374 430 1452 mortario,
459 1381 559 1433 cetera
586 1375 648 1452 igni
675 1373 806 1434 resolves
834 1382 864 1434 et
892 1373 1057 1434 confundes
1087 1393 1121 1435 ac

106 1463 150 1520 sic
177 1459 236 1519 leni
264 1478 373 1538 vapore
401 1460 529 1521 delicere
558 1461 604 1521 vel
631 1463 758 1540 excoqui
786 1463 890 1542 facies,
919 1470 953 1522 ut
981 1465 1121 1522 exomni

64 1567 91 1606 15
106 1549 293 1609 coniectione
320 1551 408 1608 uncia
435 1550 639 1610 medicaminis
667 1558 774 1631 restet3
802 1559 867 1612 tum
895 1558 984 1629 caput
1007 1549 1122 1611 lautum

106 1637 264 1715 diligenter
290 1645 378 1715 atque
405 1641 548 1698 siccatum
575 1639 632 1700 hoc
659 1639 854 1700 medicamine
878 1657 1028 1718 perunges
1054 1658 1121 1717 por-

105 1728 292 1804 riginemque
317 1726 468 1789 discuties.
511 1727 638 1788 Scobem
662 1730 785 1789 citream
808 1748 844 1789 ex
867 1747 943 1808 aqua
967 1727 1120 1788 defervere
1141 1740 1174 1789 ab

105 1815 197 1874 facies
220 1816 392 1893 nitrumque
416 1834 555 1894 asperges
578 1825 668 1895 atque
691 1817 760 1877 inde
789 1824 878 1896 caput
900 1819 1121 1896 porriginosum

106 1911 224 1982 oportet
247 1903 352 1963 lavare.
394 1902 478 1964 Fimo
497 1904 609 1964 bubulo
632 1914 700 1966 usto
725 1924 830 1965 sucum
854 1905 939 1965 betae
963 1905 1122 1965 admisceri
1140 1919 1175 1968 26

65 2009 93 2050 ao
107 2001 196 2070 atque
219 1991 288 2051 inde
308 2000 397 2070 caput
415 1994 636 2070 porriginosum
655 1992 747 2052 lavari
765 2000 891 2071 oportet.
935 1992 1122 2070 Porriginem
1141 2007 1174 2055 aa

105 2081 312 2159 potentissime
335 2080 390 2140 hac
414 2082 534 2159 potione
562 2079 717 2158 purgabis:
745 2082 946 2140 rosmarinum
969 2087 1048 2138 teres
1073 2097 1120 2139 su-

106 2186 235 2247 cumque
264 2171 329 2229 eius
357 2171 425 2228 vino
453 2168 501 2228 vel
527 2187 603 2247 aqua
632 2167 771 2247 scripulis
800 2167 896 2228 tribus
920 2166 1004 2227 dabis
1027 2170 1120 2248 potui,

106 2257 159 2318 sed
188 2259 240 2336 qni
267 2259 358 2318 sumit
391 2275 481 2335 supra
510 2257 600 2317 limen
628 2257 752 2318 adsistat
779 2257 869 2335 idque
898 2255 997 2316 triduo
1026 2256 1121 2317 iaciat.

106 2345 252 2405 Fraxineo
272 2348 373 2405 cinere
392 2345 521 2406 lixiviam
540 2354 686 2407 maturam
705 2348 794 2406 nimis
813 2346 904 2406 facies
924 2363 1016 2425 eaque
1032 2352 1122 2424 caput
1140 2360 1174 2410 28

65 2451 93 2492 aa
108 2433 217 2494 lavabis
245 2435 275 2494 in
304 2433 423 2515 balneo,
451 2435 530 2513 quod
558 2454 627 2496 cnm
657 2438 828 2516 siccaveris,
858 2453 1000 2514 saponem
1023 2444 1054 2496 et
1076 2453 1121 2495 ar·

106 2525 188 2602 genti
206 2540 341 2600 spumam
362 2531 499 2583 conteres
518 2542 613 2602 eoque
631 2533 721 2603 capnt
735 2524 911 2604 perfricabis
926 2527 1122 2604 porriginem·

106 2630 164 2690 que
188 2610 408 2692 exterminabis
437 2613 463 2671 si
486 2614 576 2690 capiti
600 2612 679 2674 lauto
704 2621 792 2692 atque
816 2615 926 2674 siccato
950 2613 1007 2674 hoc
1030 2613 1122 2674 medi·

106 2718 209 2760 camen
238 2700 400 2760 addideris:
429 2700 533 2760 Cretae
558 2701 697 2762 Cimoliae
720 2701 752 2762 P.
774 2701 800 2782 l,
829 2705 902 2762 nitri
930 2701 1122 2762 Alexandrini

105 2787 137 2848 Ρ.
156 2788 177 2868 l,
202 2788 355 2867 sulphuris
377 2791 436 2848 vivi
454 2787 484 2848 P.
505 2788 530 2868 l,
554 2789 626 2849 haec
651 2792 749 2850 omnia
770 2791 938 2851 tunduntur
957 2799 1045 2869 atque
1065 2792 1121 2849 cri-

63 2876 232 2938 aobrantur
255 2884 285 2938 et
308 2879 399 2957 capiti
421 2878 609 2953 porriginoso
632 2879 825 2954 inponuntur.
862 2877 931 2936 illali
949 2877 1054 2937 Punici
1073 2896 1121 2936 co·
1142 2890 1175 2938 29

106 2968 183 3026 rium
212 2985 248 3026 ex
276 2974 359 3026 aceto
388 2965 528 3042 coquitur
557 2970 588 3021 et
615 2981 706 3022 sucus
732 2966 796 3024 eius
821 2966 911 3043 capiti
934 2966 1121 3041 porriginoso
1194 3021 1202 3031 ,

106 3056 260 3134 inponitur
284 3063 314 3114 et
337 3054 511 3131 frequenter
535 3049 681 3129 abluitur,
705 3052 746 3110 ita
769 3061 803 3111 ut
827 3059 857 3111 et
879 3054 977 3128 ipsum
1000 3068 1120 3128 pomum

107 3152 263 3204 excoctum
286 3151 400 3202 teratur
425 3149 455 3202 et
478 3142 521 3200 sic
546 3141 738 3218 exprimatur.
772 3139 878 3199 Anethi
899 3138 1011 3198 surculi
1031 3156 1121 3197 urun-
1141 3151 1175 3200 30

107 3239 157 3292 tur
181 3234 305 3310 eiusque
324 3229 456 3308 pulveris
480 3228 602 3290 cribrati
626 3261 662 3272 -
678 3227 700 3308 Ι,
724 3227 879 3290 oiebarbae
902 3225 996 3286 -111
1020 3228 1121 3286 remit·

66 3335 93 3377 aa
106 3329 152 3380 tes
175 3323 207 3381 in
230 3319 289 3380 olei
307 3315 366 3378 81
390 3327 420 3379 et
438 3318 548 3379 adicies
567 3316 659 3396 gallae
678 3326 783 3379 tunsae
803 3318 983 3378 semunciam
1002 3314 1122 3377 inlines·

179 3513 195 3562 6
214 3504 317 3562 delinit
335 3506 449 3575 scripsi:
473 3505 620 3561 deliniunt.
