2438 3802
457 140 696 205 —143-

72 303 274 366 terehinthina
288 321 416 383 ceraque
427 303 549 363 decocta
562 302 725 381 plurimum
738 310 826 382 atque
837 305 988 383 emplastri
999 305 1086 366 modo

71 393 204 473 adposita
228 400 334 453 sanant
356 391 477 452 tosillas.
516 390 548 450 Si
571 391 656 470 adipe
680 391 797 451 leonina
820 391 936 452 tosillae
958 392 1084 454 interius
1105 407 1140 457 16

70 488 290 563 perungantur,
323 480 428 540 eodem
455 480 503 540 die
532 479 724 541 sanabuntur.
769 479 829 540 Lac
857 483 1011 559 caprinum
1040 482 1086 542 vel
1106 496 1139 544 1⁷

71 570 218 632 bubulum
240 569 288 630 rel
311 569 432 630 ovillum
454 586 561 628 recens
583 568 713 629 mulsum
737 568 808 628 dnm
832 569 908 629 calet
929 569 1085 630 ueletiam

45 659 248 720 scalciactum
267 660 483 736 gargarizatum
501 655 667 718 tosillarum
686 657 804 717 dolores
827 665 858 718 et
875 666 1009 719 tumores
1026 661 1085 719 cito

73 746 165 808 sedat.
200 745 341 825 Plantago
365 745 412 805 vel
435 747 500 806 eius
523 745 607 806 radix
626 745 851 824 diligentissime
871 749 999 807 contrita
1018 766 1086 808 cum
1107 759 1141 808 18

74 837 200 912 axungia
218 843 317 896 vetere
336 836 464 913 inposita
482 835 513 893 in
532 851 629 912 pauno
649 834 694 894 vel
715 834 805 895 linteo
824 835 947 914 prodest
962 837 1086 914 anginae

73 923 120 985 rel
143 922 258 985 tosillis
298 922 475 1002 cyclaminis
498 941 602 983 sucum
627 931 657 983 et
679 923 738 982 mel
755 923 879 1002 Lycium
898 926 1001 1002 aequis
1019 943 1086 1004 por·
1107 936 1140 984 19

73 1011 205 1073 tionibus
233 1012 374 1072 miscebis
402 1019 432 1072 et
460 1029 495 1071 eo
523 1013 745 1090 gargarismatio
773 1012 809 1071 ad
833 1013 931 1072 omnia
955 1013 1086 1073 lancium
1133 1057 1135 1061 .

32 1122 58 1162 ro
72 1103 142 1162 vitia
170 1108 310 1180 potenter
337 1101 441 1161 uteris.
487 1098 662 1160 Pulticulam
686 1119 722 1160 ex
745 1100 819 1160 alica
843 1101 947 1181 facies,
973 1103 1004 1161 in
1029 1120 1086 1180 qna
1105 1112 1142 1162 2ο

72 1192 168 1268 capita
190 1207 352 1268 porrorum
375 1199 499 1249 contusa
523 1191 623 1248 mittes
647 1196 676 1248 et
700 1188 788 1248 simul
812 1188 961 1266 decoques
984 1197 1015 1249 et
1036 1190 1086 1249 de·

72 1278 141 1338 inde
161 1277 272 1339 celabis
291 1285 321 1338 et
340 1276 504 1337 sorbitione
523 1294 557 1336 ea
576 1285 679 1338 contra
694 1278 823 1336 saucium
839 1276 998 1357 molestias,
1017 1296 1086 1338 cnm

72 1366 210 1448 volueris,
238 1368 343 1427 uteris.
390 1365 423 1425 Si
450 1366 517 1444 quis
545 1365 663 1443 grillum
690 1383 779 1424 manu
803 1367 977 1425 contriverit
996 1374 1026 1426 et
1049 1366 1084 1426 ad
1104 1376 1138 1424 21

74 1454 200 1516 tossillas
223 1455 269 1516 vel
294 1472 362 1516 suas
385 1453 431 1514 vel
455 1453 577 1514 alterius
600 1461 706 1515 tenens
728 1460 776 1513 ter
796 1453 981 1534 adplicuerit,
1004 1461 1086 1515 tactu

31 1543 122 1605 121110
150 1552 298 1604 tumorem
326 1542 449 1603 sanabit.
496 1541 630 1603 Tossillis
659 1560 747 1603 renes
775 1542 919 1603 vulturini
947 1543 1022 1602 aridi
1054 1545 1086 1602 in
1105 1553 1139 1602 22

70 1631 158 1692 melle
182 1635 247 1693 triti
269 1631 317 1692 rel
339 1631 454 1692 decocti
477 1633 589 1700 mirum
610 1632 776 1693 remedium
799 1639 961 1712 praestant,
985 1633 1011 1691 si
1029 1649 1085 1709 pro

72 1720 232 1798 emplastro
255 1721 450 1800 adponantur.

162 1808 256 1887 Copae
275 1808 380 1887 longae
400 1809 581 1869 conditoriae
601 1827 673 1870 suco
692 1809 807 1870 adiecto
830 1807 917 1869 melle
936 1809 1085 1885 permixto
1104 1818 1139 1867 23

73 1898 216 1957 interiora
240 1897 367 1957 faucium
390 1904 621 1978 pertractantur,
645 1917 703 1977 quo
729 1898 804 1959 facto
826 1898 932 1974 angina
951 1895 1085 1957 laboran-

32 2004 60 2044 20
74 1993 134 2046 tem
158 2003 174 2044 a
197 1984 329 2064 periculo
352 1985 507 2066 liberabis,
530 1988 628 2046 resina
653 2004 771 2065 qnoque
795 1985 841 2045 vel
863 1985 979 2064 liquore
1003 1986 1086 2046 cedri

72 2073 188 2134 arboris
211 2075 317 2152 angina
340 2074 463 2134 adsidue
486 2083 629 2154 peruncta
649 2081 778 2135 sanatur.
815 2073 927 2152 Myrtae
946 2073 1085 2135 loliorum
1104 2082 1153 2150 24,

71 2181 163 2223 sucus
177 2154 376 2242 gargarizatus
396 2162 442 2222 vel
461 2165 549 2224 etiam
568 2165 761 2224 transmissus
777 2165 903 2240 ,anginae
922 2161 1085 2241 plurimum

70 2251 203 2330 prodest.
239 2250 367 2330 Myrram
391 2255 548 2313 contritam
573 2271 609 2313 ex
632 2270 707 2332 aqua
726 2251 825 2330 tepida
844 2249 1015 2312 constanter
1034 2252 1083 2312 ab·
1103 2261 1139 2310 25

71 2339 250 2400 sorbendam
273 2340 341 2400 dato
369 2341 409 2420 ei,
438 2343 490 2419 qui
513 2343 636 2421 anginae
660 2341 793 2421 periculo
824 2340 951 2402 laborat:
984 2343 1083 2401 statim

29 2447 57 2488 aa
71 2447 140 2488 eum
163 2427 312 2488 liberabis.
349 2427 550 2491 Hirundinum
573 2430 796 2501 combustarum
815 2431 890 2490 cinis
909 2448 977 2490 cnm
996 2430 1084 2491 melle
1103 2439 1139 2487 26

70 2517 168 2577 Attico
191 2519 301 2577 mixtus
324 2517 520 2597 faucibusque
544 2520 657 2581 inditus
680 2528 711 2580 et
733 2521 871 2598 anginam
892 2521 1036 2598 reprimet
1054 2527 1084 2580 et

69 2605 180 2685 ulcera,
200 2608 226 2666 si
245 2624 306 2685 qua
317 2608 435 2667 arteriis
449 2609 580 2688 inerunt,
595 2618 731 2670 contacta
739 2607 886 2687 ‘purgabit
900 2608 1083 2688 sanabitqne.

71 2693 234 2755 Taurinum
258 2694 297 2754 iel
320 2694 407 2755 melle
426 2699 606 2773 permixtum
625 2706 655 2757 et
673 2699 861 2758 extrinsecus
880 2697 1015 2757 faucibus
1034 2697 1083 2757 ad·
1103 2705 1137 2754 27

70 2784 202 2860 positum
220 2782 266 2842 vel
284 2802 339 2862 pro
354 2785 485 2862 unguine
504 2784 659 2844 inductum
674 2788 795 2863 anginas
810 2785 971 2844 efficaciter
987 2796 1083 2866 sanat;
1129 2829 1131 2832 ψ

28 2890 57 2930 eo
71 2871 150 2931 idem
179 2879 310 2950 praestat
339 2881 369 2930 et
399 2872 555 2949 caprinum
585 2872 624 2931 iel
656 2871 791 2932 similiter
823 2872 1001 2948 adpositum.
1052 2873 1140 2933 8128

71 2959 169 3020 subita
193 2962 299 3038 angina
323 2961 363 3019 ita
388 2958 489 3018 lauces
512 2958 777 3036 praefocabantur,
805 2967 839 3018 ut
864 2957 978 3018 nullum
1002 2962 1083 3019 auxi·

70 3047 142 3108 lium
166 3048 304 3108 celeriter
332 3048 458 3107 inveniri
487 3049 593 3127 possit,
621 3047 702 3106 terro
730 3064 818 3126 quam
846 3048 1018 3106 acutissimo
1047 3065 1083 3108 ex

69 3136 185 3218 venula,
210 3155 285 3215 qnae
310 3136 483 3214 sublingua
503 3143 549 3196 est
571 3137 706 3214 inparte
731 3137 860 3214 sinistra,
884 3151 959 3212 quae
984 3138 1083 3195 statim

69 3224 107 3284 de
131 3225 187 3285 hoc
210 3225 315 3285 morbo
338 3224 487 3306 pallescit,
510 3227 631 3304 sanguis
655 3225 820 3305 emittatur3
848 3224 990 3284 continno
1014 3223 1083 3283 sub·

143 3431 360 3487 llerebenliuc.
415 3439 599 3502 bonprunum
616 3436 674 3488 2m.
731 3431 893 3488 9omnium.
950 3435 984 3485 10
998 3447 1092 3498 epm

70 3502 230 3560 Oornartm
269 3507 302 3559 15
312 3520 392 3558 renes
402 3503 494 3573 vulpis
505 3505 583 3561 Plin.
622 3501 816 3577 mauginam.
849 3499 1096 3560 ‘ibberunb‘mom
