2438 3802
516 130 731 195 „28-

119 296 202 356 lauro
230 298 360 373 incocta3
394 311 452 372 quo
487 301 621 371 tempore
649 295 737 353 etiam
766 299 1036 354 sternutamentum
1065 313 1134 354 con-

120 387 212 446 citare
243 401 304 445 non
337 381 465 442 alienum
490 384 547 443 erit
574 381 630 442 boc
659 381 886 462 medicamento,
915 383 994 461 quod
1023 402 1058 443 ex
1086 383 1135 443 his

119 473 210 535 rebus
230 472 422 550 conponitur:
446 469 563 531 Veratri
582 469 649 551 albi,
673 471 809 551 castorei,
834 470 963 552 struthii,
988 473 1066 551 quod
1089 482 1135 532 est

61 625 63 631 ,
119 563 203 624 radix
226 561 350 640 lanaria,
373 560 485 638 piperis
510 558 581 639 albi,
609 558 794 638 singulorum
818 557 844 617 ll
868 560 1009 638 singulos.
1055 559 1135 621 Haec

120 659 244 713 contusa
272 651 403 709 tenuiter
431 647 526 708 loreto
555 646 654 708 cribro
683 650 937 730 transmittantur3
966 667 1034 710 cum
1058 665 1164 730 opusc

120 741 224 818 luerit,
252 756 306 816 per
329 739 451 815 pinnam
480 745 531 798 aut
560 735 703 797 calamum
728 738 919 815 scriptorium
944 737 1066 799 naribus
1089 742 1133 800 in·

121 827 279 889 sutilentur
307 825 353 885 vel
381 825 503 905 specillo
532 827 626 886 tincto
656 827 687 885 in
711 843 786 905 aqna
811 834 840 886 et
864 844 988 887 excusso
1012 828 1135 889 naribus

120 919 292 977 iniciuntur.
331 913 469 975 Proderit
493 922 592 975 autem
616 914 650 974 ad
675 922 946 976 sternutamentum
969 918 1058 976 etiam
1082 935 1166 995 pers

121 1024 153 1066 se
182 1013 340 1065 contusum
367 1013 397 1065 et
420 1002 523 1064 eadem
546 1005 661 1064 ratione
685 1005 829 1065 iniectum
852 1011 1003 1064 veratrum
1027 1005 1135 1087 album,

119 1094 251 1173 linguam
275 1094 353 1153 enim
378 1096 487 1154 siccam
507 1099 536 1152 et
555 1092 667 1152 aridam
686 1092 863 1153 sternutatio
883 1094 982 1152 statim
1001 1095 1134 1156 inundat.
1149 1111 1176 1151 ao

68 1193 100 1243 11
120 1182 231 1262 Capitis
255 1181 387 1242 dolorem
411 1183 545 1261 quamvis
564 1188 695 1241 veterem
714 1187 744 1240 ει
762 1180 979 1242 intolerabilem
998 1185 1135 1261 protinus

121 1271 198 1333 tollit
226 1273 305 1332 etin
334 1280 512 1351 perpetuum
541 1269 685 1329 remediat
708 1270 833 1348 torpedo
857 1272 942 1348 nigra
964 1273 1029 1331 riva
1052 1274 1135 1351 inpo-

121 1363 176 1421 sita
205 1363 233 1421 ei
260 1359 339 1440 loco,
368 1361 419 1440 qui
448 1363 479 1421 in
508 1358 610 1420 dolore
640 1365 698 1438 est,
728 1358 822 1419 donec
851 1357 967 1419 desinat
995 1360 1079 1420 dolor
1107 1369 1137 1422 et

121 1449 310 1530 obtorpescat
334 1466 367 1508 ea
385 1467 470 1528 pars3
494 1448 574 1527 quod
593 1448 810 1525 cumprimum
829 1451 958 1508 senserit
977 1451 1029 1528 qui
1048 1449 1136 1530 dolet,

120 1546 308 1599 removeatur
341 1537 519 1616 remedium,
552 1554 590 1596 ne
623 1552 730 1595 sensus
759 1537 912 1597 anferatur
940 1538 1004 1597 eius
1033 1542 1135 1616 partis.
1150 1554 1178 1596 ιε

122 1628 227 1689 Plures
256 1633 355 1687 autem
382 1625 530 1703 parandae
558 1631 629 1684 sunt
651 1623 823 1702 torpedines
852 1627 986 1686 eiusdem
1009 1631 1137 1709 generis,

122 1719 190 1796 quia
218 1731 440 1792 nonnumquam
470 1715 517 1773 vix
545 1712 679 1773 adduas
707 1719 805 1773 tresve
828 1715 990 1792 respondet
1013 1719 1138 1799 curatio,

69 1815 101 1863 12
121 1806 151 1866 id
176 1813 221 1864 est
245 1811 357 1883 torpor,
381 1802 460 1882 quod
485 1804 602 1882 signum
626 1809 672 1862 εει
695 1801 925 1863 remediationis.
963 1802 1007 1863 dd
1032 1807 1138 1884 capitis

122 1892 253 1954 dolorem
282 1892 393 1952 lactum
417 1909 453 1951 ex
476 1893 650 1970 perustione
673 1889 796 1969 prodest
819 1907 904 1952 rosae
928 1891 1023 1953 bonae
1047 1913 1137 1956 sucus

121 1983 238 2044 inlusus
262 1982 361 2062 capiti,
385 1980 436 2041 sed
461 1999 530 2042 cum
553 1998 625 2041 suco
649 1979 685 2039 de
705 1981 797 2039 moris
816 1980 892 2040 lacto
912 1981 978 2059 pari
996 2000 1136 2044 mensura
1151 1998 1179 2038 2⁰

70 2087 102 2136 ta
122 2073 261 2134 admixto.
297 2070 340 2130 Ad
368 2071 473 2149 capitis
497 2070 629 2130 dolorem
652 2068 763 2128 factum
787 2086 823 2128 ex
846 2071 1040 2147 perfrictione
1065 2074 1137 2132 satis

122 2162 243 2241 prodest
260 2159 358 2220 oleum
372 2161 484 2219 irinum
498 2176 567 2218 cum
581 2155 711 2234 serpullo
727 2163 757 2216 ει
771 2159 877 2236 exiguo
893 2167 976 2218 aceto
992 2159 1137 2241 inlusum3

121 2252 215 2328 magis
230 2256 338 2326 autem,
353 2249 379 2306 si
393 2255 444 2307 ant
457 2246 543 2306 iridis
556 2246 640 2306 radix
650 2251 701 2305 aut
709 2245 874 2324 peucedani
885 2265 975 2307 sucus
985 2248 1137 2326 prioribus

122 2338 270 2397 admixtus
293 2335 391 2395 fuerit.
429 2333 555 2395 Prodest
578 2341 608 2394 et
626 2341 693 2394 ruta
713 2352 781 2394 cum
800 2333 864 2395 oleo
884 2338 961 2397 irino
982 2345 1012 2396 et
1031 2341 1137 2417 exiguo

122 2434 205 2486 aceto
226 2431 311 2485 cocta
334 2430 364 2483 et
387 2423 486 2500 tepide
505 2423 602 2483 inlusa
622 2424 711 2501 capiti
730 2440 785 2484 nec
805 2425 904 2485 minus
923 2436 1051 2504 prosunt
1069 2428 1137 2487 solia
1152 2439 1178 2481 ει

122 2513 199 2574 lauri
222 2531 290 2573 cum
313 2513 390 2571 irino
415 2510 479 2570 oleo
504 2518 534 2571 ει
555 2514 661 2590 exiguo
681 2519 765 2572 aceto
785 2514 854 2573 trita
874 2521 904 2574 et
922 2516 1020 2574 inlusa
1039 2518 1137 2593 capiti.

72 2616 105 2665 14
124 2602 168 2662 ld
192 2602 298 2680 capitis
322 2599 453 2660 dolorem
478 2600 588 2661 lactum
611 2618 647 2661 ex
671 2603 739 2661 vino
760 2603 852 2662 nimio
871 2611 998 2679 prosunt
1018 2603 1136 2680 quidem

123 2700 153 2752 et
177 2709 219 2771 ea,
244 2707 318 2768 quae
342 2688 470 2748 diximus
494 2689 639 2767 prolicere
663 2690 699 2750 ad
719 2692 824 2768 capitis
843 2689 975 2750 dolorem
995 2709 1030 2750 ex
1050 2709 1137 2769 peru-

123 2781 219 2841 stione
243 2779 365 2840 factum:
389 2787 515 2856 prosunt
539 2785 568 2838 et
592 2785 676 2839 rutae
700 2777 768 2839 lolia
790 2780 860 2839 trita
884 2797 952 2839 oum
971 2787 1064 2861 aceto,
1089 2780 1137 2840 ad·

122 2871 213 2930 mixta
237 2869 280 2928 eis
304 2884 381 2947 rosa,
404 2874 434 2926 et
457 2885 550 2928 nuces
571 2885 686 2929 amarae
707 2868 810 2928 eodem
830 2868 926 2930 modo.
964 2867 1090 2930 Faciunt
1109 2877 1139 2930 et
1152 2882 1180 2923 ³⁰

123 2961 191 3038 agni
215 2956 292 3038 lolia,
317 2974 392 3035 quae
415 2964 580 3017 nascuntur
604 2958 634 3016 in
660 2956 804 3038 virgultis,
829 2957 938 3036 quibus
958 2959 1064 3020 Graeci
1083 2977 1137 3038 pro

122 3046 282 3108 viminibus
311 3052 438 3106 utuntur
472 3045 634 3124 eademque
660 3044 744 3124 lygus
768 3044 929 3126 appellant,
957 3065 1025 3106 cum
1054 3047 1139 3108 iridis

71 3147 104 3197 15
123 3136 222 3196 aridae
247 3135 345 3195 radice
369 3136 439 3193 trita
462 3135 553 3193 mixta
578 3136 621 3193 eis
645 3152 712 3194 rosa
732 3140 821 3211 atque
841 3141 932 3194 aceto.
969 3135 1013 3195 Ad
1034 3138 1139 3214 capitis

123 3224 254 3284 dolorem
283 3223 394 3282 lactum
422 3239 458 3281 ex
482 3223 544 3281 iotu
568 3230 619 3282 aut
642 3240 713 3283 casu
737 3239 753 3281 e
777 3220 897 3281 sublimi
925 3223 1048 3300 prodest
1071 3241 1139 3283 rosa

193 3354 355 3426 betrothii]
374 3355 509 3424 pyrethri.
562 3357 715 3426 ispicillo.
768 3362 800 3411 13
820 3356 924 3412 dolore.
994 3362 1027 3410 16
1045 3358 1138 3424 turpe·

121 3427 209 3482 dines.
268 3432 299 3480 19
318 3426 516 3495 perustionem.
573 3432 606 3481 29
625 3426 699 3483 irite.
755 3434 788 3483 31
808 3427 899 3483 haeni.
950 3431 985 3480 34
1004 3427 1053 3480 eut
1072 3441 1138 3480 casn

120 3513 205 3554 com.
