2438 3802
504 129 745 193 -196-

116 295 262 375 Cydoneis
282 302 331 354 aut
350 292 485 372 palmulis
507 289 663 353 Thebaicis
685 302 735 351 aut
753 291 834 351 bacis
853 298 966 370 myrtae
985 290 1033 350 vel
1052 290 1133 352 foliis

117 393 168 445 aut
191 385 291 463 granis
315 382 383 442 mali
405 381 510 441 Punici
538 389 590 441 aut
615 380 733 440 lentisci
755 379 833 440 loliis
853 381 965 439 teneris
988 388 1040 439 aut
1064 380 1134 441 rubi

117 474 246 534 admixto
269 471 329 531 illic
353 471 450 548 aliquo
471 487 560 546 supra
580 469 652 528 dicti
670 471 788 546 generis
807 470 884 528 vino.
924 467 1012 528 Panis
1031 477 1133 529 autem

116 560 288 623 huiusmodi
316 557 541 618 difficultatibus
571 559 692 636 prodest
722 559 890 617 summatim
921 557 1132 638 fermentatum

118 651 216 711 edulia
244 665 362 726 quoque
391 653 517 724 prosunt
543 645 630 706 haec:
666 645 779 724 lntubi,
811 645 942 705 lactucae
974 664 1010 704 ex
1038 654 1160 726 aceto,r

118 739 276 815 brassicae,
296 737 381 813 siser,
401 733 517 793 cocleae
537 733 690 794 bullientis
714 733 855 807 frustella,
878 732 1023 813 ungellae,
1042 735 1136 816 turdi,

119 826 269 905 perdices,
301 831 450 903 turtures,
482 831 648 901 attagenae,
675 822 820 903 palumbi,
848 824 962 901 canori,
991 821 1136 906 locustae,

120 913 275 991 lolligines,
299 913 424 991 saepiae,
447 911 539 991 mulli,
564 913 702 991 murices,
726 929 885 990 purpurae,
908 911 1093 988 pectunculi.

67 1016 100 1064 27
210 1000 254 1060 Ad
278 999 442 1059 resolutum
466 1000 649 1060 stomachum
674 1000 738 1059 dari
761 1007 879 1078 oportet
904 1001 1041 1076 protinus
1066 1019 1137 1062 cum

121 1090 259 1152 reiecerit
287 1106 393 1166 panem
421 1106 457 1147 ex
485 1107 559 1167 aqua
589 1089 694 1166 frigida
721 1087 768 1147 vel
800 1107 834 1148 ex
863 1106 952 1166 posca
984 1096 1015 1147 et
1043 1091 1071 1149 si
1100 1106 1175 1149 nero

121 1179 178 1239 hoc
199 1177 318 1256 quidem
337 1179 526 1257 continuerit,
546 1179 645 1237 statim
665 1176 734 1236 dare
754 1177 844 1236 debes
864 1177 973 1235 lentem
991 1185 1022 1236 et
1036 1175 1138 1238 betam

122 1275 237 1329 coctam
265 1265 311 1326 vel
342 1265 445 1326 alicam
472 1265 519 1326 vel
546 1284 599 1326 ova
627 1264 708 1344 apale
732 1263 779 1324 vel
802 1264 950 1343 ungellam
973 1265 1138 1327 discoctam

122 1357 169 1416 vel
192 1354 307 1416 cocleas
331 1355 421 1415 elixas
446 1363 496 1414 aut
518 1356 648 1414 murices
672 1363 701 1413 et
724 1371 830 1431 aquam
854 1353 1004 1432 frigidam3
1034 1355 1088 1414 sed
1114 1358 1140 1416 si

124 1444 198 1504 nihil
221 1462 311 1523 supra
334 1443 482 1503 dictorum
506 1444 696 1522 continuerit,
720 1441 833 1502 dandus
858 1444 915 1501 erit
938 1443 1000 1501 vini
1024 1446 1140 1504 austeri

123 1535 199 1594 meri
218 1532 340 1611 cyathus
360 1539 390 1591 et
408 1549 444 1590 ex
463 1530 617 1590 intervallo
637 1531 682 1590 bis
702 1539 784 1590 terve
803 1548 909 1590 rursus
928 1531 1007 1589 idem
1027 1532 1180 1593 facien-15

71 1635 105 1684 28
125 1621 196 1683 dum
220 1623 286 1680 erit.
309 1619 391 1678 Vinis
416 1637 534 1697 quoque
557 1619 702 1678 utendum
726 1626 772 1678 est
795 1620 866 1678 satis
887 1618 1039 1678 stomacho
1059 1622 1140 1681 utili-

125 1711 182 1771 bus
212 1719 262 1769 aut
290 1727 326 1768 ex
357 1707 439 1767 bacis
467 1714 579 1786 myrtae
609 1707 694 1766 lactis
727 1715 778 1767 aut
811 1725 846 1766 ex
881 1706 964 1766 malis
997 1707 1141 1786 cydoneis

125 1800 238 1877 pressis
261 1804 312 1856 aut
336 1814 371 1856 ex
390 1797 534 1875 iuniperis
553 1795 597 1855 vel
617 1795 728 1874 hysopo
748 1795 867 1856 condito
887 1795 931 1855 vel
950 1797 1073 1874 origano
1094 1797 1142 1858 vel

126 1905 162 1946 ex
185 1885 336 1947 marrubio
360 1884 407 1944 vel
430 1903 466 1945 ex
489 1893 556 1945 ruta
583 1884 713 1944 silvatica
733 1883 778 1943 vel
797 1902 833 1944 ex
852 1883 942 1943 herba
962 1883 1141 1966 lucernaria,

127 1993 214 2054 quam
239 1974 344 2035 Graeci
366 1973 506 2053 phlomon
529 1981 648 2053 vocant,
671 1972 718 2032 rel
741 1991 776 2032 ex
800 1972 917 2032 scordio
941 1972 986 2032 vel
1010 1992 1047 2033 ex
1071 1993 1141 2035 cen·
1156 1991 1182 2030 ao

126 2072 230 2125 taurea
252 2063 299 2123 vel
322 2081 358 2122 ex
381 2063 456 2142 lycio
479 2063 525 2123 vel
549 2081 584 2122 ex
608 2061 763 2122 absenthio
785 2060 885 2121 velex
904 2060 1074 2122 terebintho
1095 2063 1143 2124 vel

34 2176 38 2187 ¹
128 2171 164 2213 ex
186 2152 311 2212 lentisco
335 2151 381 2210 vel
404 2171 440 2211 ex
462 2153 537 2228 piris
557 2151 685 2230 Syriacis
708 2149 754 2210 vel
778 2168 813 2209 ex
836 2149 912 2208 malo
936 2159 1068 2227 granato.

75 2254 108 2302 29
216 2240 260 2299 nd
283 2237 465 2298 inflationem
489 2239 642 2318 stomachi,
665 2238 723 2298 ooli
746 2247 775 2298 et
798 2240 909 2298 ventris
933 2237 1051 2298 dolores
1071 2240 1143 2301 dan·

128 2328 199 2388 dum
219 2336 265 2386 est
283 2326 455 2386 huiusmodi
473 2326 734 2386 medicamentum:
757 2326 873 2403 Piperis
890 2325 916 2385 ll
931 2326 992 2406 llll,
1012 2332 1144 2391 castorei

128 2413 195 2492 lll,
219 2416 268 2491 opi
290 2411 369 2491 llll,
393 2431 508 2491 myrrae
530 2412 556 2471 ll
574 2413 607 2493 V,
630 2413 796 2491 petrosilini
816 2413 840 2473 ll
859 2414 921 2495 llll,
945 2418 1027 2476 anesi
1046 2416 1073 2478 ll
1091 2418 1142 2500 lll,
1158 2431 1183 2473 aa

129 2500 216 2561 nardi
235 2502 371 2578 Syriacae
393 2499 418 2560 ll
438 2500 458 2560 l.
496 2500 725 2562 Contunduntur
748 2509 778 2561 et
797 2503 967 2564 cribrantur
990 2509 1088 2565 omnia
1113 2517 1145 2567 et

129 2590 361 2670 permiscentur,
394 2588 463 2649 inde
492 2588 578 2648 datur
607 2597 636 2650 et
664 2597 731 2650 ante
760 2599 878 2652 noctem
906 2600 936 2652 et
963 2594 992 2652 in
1022 2603 1144 2655 noctem

131 2677 303 2738 cocliarium
322 2676 369 2737 vel
386 2677 454 2756 plus
472 2695 527 2756 pro
547 2679 693 2757 cuiusque
712 2678 827 2740 viribus
846 2699 914 2740 oum
929 2681 1033 2759 cyatho
1047 2702 1143 2762 aquae

131 2765 241 2827 calidae
274 2774 304 2826 et
334 2766 429 2828 mellis
460 2774 603 2846 quantum
636 2768 708 2828 satis
741 2767 896 2830 videbitur.
947 2767 1025 2830 llaec
1060 2775 1144 2849 potio

131 2873 269 2916 somnum
296 2856 446 2936 conciliat,
476 2858 685 2917 concoctiones
713 2856 889 2937 doloresque
919 2876 1020 2918 omnes
1044 2860 1183 2941 sedat3ao

131 2947 291 3024 praecipue
319 2953 418 3006 autem
448 2945 570 3025 prodest
597 2946 728 3027 mulieri,
761 2965 836 3026 quae
867 2945 931 3006 colo
958 2956 1083 3008 vexatur
1113 2958 1145 3009 et

131 3036 202 3094 viris
226 3034 330 3094 eodem
352 3034 439 3095 modo
458 3034 661 3096 laborantibus
680 3037 825 3096 convenit.
862 3034 935 3094 ltem
955 3035 990 3095 ad
1009 3044 1145 3098 tumores

132 3122 375 3201 praecordiorum
399 3125 537 3187 etiamin
557 3122 690 3184 febribus
710 3131 740 3184 et
759 3124 793 3183 ad
813 3124 919 3182 tussim
938 3123 1022 3184 etad
1041 3124 1146 3186 lateris

222 3273 399 3329 bhaedulie.
490 3274 659 3330 llucustae.
749 3279 780 3329 11
802 3273 888 3330 debis.
975 3280 1007 3328 12
1027 3275 1144 3349 alicam]

132 3345 207 3398 alica.
225 3344 293 3398 eius.
377 3349 410 3398 15
429 3345 534 3415 rursus]
554 3362 624 3398 rsus.
710 3345 799 3417 idem]
818 3344 881 3415 ipsi.
969 3352 1001 3400 17
1021 3349 1145 3418 myrrae]

133 3414 241 3468 mistae.
335 3421 367 3468 tu
387 3413 555 3486 lucernaria]
574 3413 696 3471 tiniaria.
789 3424 823 3472 20
841 3415 926 3471 folon.
1018 3417 1145 3474 scordeo.

133 3484 260 3538 allicio.
333 3490 367 3538 26
386 3483 564 3540 scribrantur.
