2438 3802
500 147 741 212 ..104-

114 312 251 371 anserina
271 308 362 389 adeps
381 309 441 370 sola
461 309 618 390 diligenter
637 317 797 388 expurgata
816 308 936 388 lenique
952 310 1021 389 igne
1036 308 1134 390 lique-

115 401 190 461 facta
214 398 312 459 inlusa
335 399 485 459 auriculae
510 407 539 459 et
563 398 694 458 dolorem
714 398 791 459 tollit
809 406 840 459 et
857 400 962 459 vitium
980 407 1133 477 persanat.

114 489 225 550 Eadem
258 488 350 565 adeps
381 487 497 548 adiecto
527 489 616 546 ocimi
648 505 720 548 suco
753 487 899 567 tepefacta
926 485 1134 567 instillataque

61 592 95 642 91
115 578 233 639 dolores
260 574 462 637 auricularum
489 575 669 635 infantilium
696 575 781 637 levat.
827 576 936 636 Aranei
957 578 1022 636 triti
1043 593 1135 637 umor

115 683 276 746 expressus
308 673 338 725 et
368 682 452 724 rosae
481 663 610 742 liquidae
639 672 783 742 quantum
810 664 960 725 videbitur
987 667 1161 726 inmixtuss

115 756 240 834 lanaque
267 753 348 814 molli
371 753 532 814 madefacta
556 752 706 813 auriculae
729 756 860 814 insertus
884 755 1026 814 continuo
1050 753 1133 814 dolo-

62 858 96 907 98
115 863 179 905 rem
207 843 326 903 relevat.
373 841 483 920 Spuma
511 845 580 921 equi
609 859 715 902 recens
743 842 872 903 detracta
907 851 937 902 et
967 861 1036 903 cum
1067 842 1133 903 oleo

115 951 203 993 roseo
226 933 324 993 inlusa
348 930 548 992 auricularum
573 933 708 1010 quamvis
730 931 921 992 vehementes
944 931 1063 992 dolores
1087 949 1133 992 re·

63 1036 96 1084 19
117 1021 211 1083 solvit.
249 1020 408 1081 Verrinum
431 1019 469 1079 iel
493 1022 524 1080 in
547 1019 616 1080 mali
635 1019 741 1080 Punici
765 1028 832 1080 cute
852 1023 930 1080 sicca
949 1021 1133 1099 tepefactum

64 1111 311 1190 100iulusumque
340 1108 515 1188 purulentas
544 1108 691 1169 auriculas
720 1117 872 1186 expurgat.
919 1107 1034 1187 Verris,
1063 1126 1132 1170 cum
1147 1122 1172 1164 ao

116 1201 243 1261 scrofam
268 1198 366 1280 saliet,
393 1200 568 1277 priusquam
592 1199 757 1256 interram
781 1196 910 1257 destillet
933 1196 969 1257 de
992 1197 1133 1258 verendis

117 1291 194 1369 eius,
223 1291 304 1348 virus
337 1296 496 1366 exceptum
523 1287 762 1366 tepefactumque
796 1303 864 1346 cum
892 1302 986 1364 aquae
1014 1285 1133 1346 modico

117 1376 267 1438 auriculae
290 1378 418 1437 inditum
442 1379 575 1455 quamvis
599 1374 738 1435 molestos
762 1373 879 1434 dolores
903 1373 1028 1455 relevat3
1052 1373 1133 1454 quod

65 1468 209 1528 101etiam
243 1468 321 1526 circa
354 1464 516 1525 auriculam
549 1464 667 1524 inlitum
694 1464 856 1543 plurimum
884 1463 1014 1543 prodest.
1060 1465 1134 1542 Apri

117 1555 222 1616 lotium
245 1554 376 1613 inlusum
400 1552 550 1612 auriculae
573 1551 656 1612 valde
679 1551 830 1632 medetur3
854 1552 932 1630 quod
957 1554 1025 1630 quia
1050 1560 1133 1614 vetu-
1148 1566 1172 1607 u

118 1652 198 1704 stum
217 1643 310 1718 magis
330 1640 460 1721 prodest,
479 1639 637 1701 collectum
651 1643 765 1702 serrari
783 1641 872 1701 debet
890 1644 921 1700 in
941 1659 1009 1701 vaso
1028 1644 1134 1721 vitreo,

66 1742 157 1792 111111
177 1733 216 1792 111
235 1730 271 1790 ad
289 1729 421 1789 remedia
440 1737 657 1807 praeparatum.
695 1730 768 1790 Cum
784 1729 851 1790 felle
866 1729 989 1790 vitulino
1004 1739 1035 1791 et
1049 1739 1134 1791 aceto

117 1821 182 1898 pari
205 1835 345 1878 mensura
368 1820 516 1896 serpentis
540 1827 693 1898 senectus,
719 1819 749 1878 id
778 1827 824 1878 est
847 1820 980 1898 exuviae,
1011 1818 1135 1880 decocta

118 1916 149 1968 11
184 1905 281 1967 lanula
317 1908 480 1968 madefacta
518 1907 766 1968 medicamentum
799 1905 950 1967 auriculae
985 1909 1135 1968 insertum

119 1999 262 2058 maximae
286 1997 422 2058 utilitatis
446 2015 512 2058 esse
536 1997 678 2077 creditur,
702 1999 727 2056 si
750 1998 834 2076 prius
856 1996 983 2056 ferventi
1001 2014 1077 2075 aqua
1097 1997 1135 2057 de
1149 2011 1174 2052 so

67 2087 238 2167 103slongia
256 2105 358 2147 aurem
378 2087 495 2147 foveris.
532 2086 623 2147 Vituli
642 2086 758 2164 adipem
777 2084 937 2145 resolutam
958 2102 1030 2145 suco
1045 2087 1136 2146 ocimi

118 2178 233 2237 adiecto
253 2178 279 2236 si
292 2178 406 2254 pariter
420 2175 596 2254 tepefactam
611 2173 760 2235 auriculae
775 2174 930 2254 infuderis,
949 2175 1136 2236 amarissimo

66 2264 312 2325 rotincommodo
337 2262 521 2324 laborantem
544 2265 687 2323 continuo
710 2261 859 2323 liberabis,
905 2262 1031 2322 Medulla
1056 2265 1135 2324 eius·

119 2352 186 2411 dem
210 2351 294 2411 vituli
318 2369 424 2412 recens
448 2368 516 2411 cum
536 2352 652 2429 cymino
671 2352 799 2410 contrita
818 2351 976 2430 infusaque
1000 2354 1136 2429 quamvis

118 2456 241 2515 magnos
269 2437 387 2498 dolores
415 2437 565 2498 auriculae
589 2440 688 2498 statim
712 2438 822 2499 relevat
845 2447 875 2498 et
898 2442 976 2499 intra
1000 2439 1135 2500 triduum
1149 2453 1176 2497 aa

67 2526 208 2589 uootollit.
255 2526 373 2586 Lotium
396 2529 552 2606 caprinum
574 2525 750 2587 instillatum
774 2527 905 2587 dolorem
930 2528 1026 2607 sedat3
1054 2529 1135 2606 quod

120 2618 212 2693 magis
240 2614 382 2694 prodesse
411 2617 583 2693 suppuratis
611 2615 734 2676 auribus
762 2617 949 2697 adfirmatur,
979 2615 1017 2675 ob
1046 2634 1136 2696 quam

120 2721 239 2764 causam
267 2706 433 2782 praesentis
461 2704 562 2764 auxilii
589 2705 690 2782 plures
717 2714 874 2784 exceptum
907 2715 938 2766 et
965 2722 1060 2766 cornu
1089 2723 1137 2766 oa-

120 2795 207 2872 prino
226 2793 352 2853 inditum
372 2796 402 2852 in
422 2794 503 2853 fumo
520 2809 699 2872 suspensum
719 2793 877 2872 diligenter
896 2795 931 2855 ad
951 2797 1137 2855 necessarias

68 2881 265 2942 106medellas
294 2889 455 2942 reservant.
501 2879 591 2942 Pueri
618 2882 738 2961 inpubis
766 2884 926 2962 mingentis
953 2882 1057 2944 lotium
1087 2901 1135 2943 ex-
1151 2896 1179 2938 ro

120 2978 240 3049 ceptum
266 2979 296 3031 et
319 2988 426 3031 recens
449 2989 483 3031 ac
506 2972 640 3050 tepidum
663 2972 812 3033 auriculae
837 2979 1017 3050 suppuratae
1040 2972 1137 3033 instil-

120 3060 211 3120 latum
239 3077 343 3121 umore
372 3061 520 3120 exsiccato
549 3060 681 3121 dolorem
708 3060 787 3120 tollit
819 3070 848 3120 et
880 3063 955 3120 mira
983 3059 1136 3121 celeritate

68 3149 225 3211 1111111111
249 3149 284 3209 ad
309 3151 464 3209 sanitatem
487 3149 633 3227 perducit.
672 3146 766 3209 Salina
789 3149 918 3209 hominis
940 3151 1034 3209 ieiuni
1056 3151 1136 3209 auri-

120 3238 206 3298 culae
226 3239 318 3298 iudita
338 3255 462 3318 vermes,
486 3240 512 3296 si
532 3240 583 3316 qui
603 3245 699 3315 erunt,
724 3254 935 3317 erumperem
955 3255 989 3298 ea
1008 3246 1136 3298 constat.

68 3325 269 3406 108Butprum
306 3344 412 3387 recens
444 3325 619 3386 instillatum
654 3344 773 3387 irrrrores
807 3325 984 3404 doloresque
1017 3329 1135 3387 aurium
1151 3342 1178 3383 ao

193 3513 474 3583 lleniecrs'peieleui.
513 3519 545 3569 15
555 3513 665 3571 lulium.
703 3520 737 3570 18
748 3515 889 3570 decoctae.
926 3512 1135 3571 mmfunderis.
