2438 3802
486 152 704 216 -85-

88 314 167 393 quod
190 314 374 374 medicamen
399 317 430 375 in
449 315 556 394 pyxide
580 334 666 376 aerea
690 315 778 377 debet
800 321 915 400 reponi,
939 321 1010 379 satis
1029 320 1101 380 utile

88 412 118 464 et
145 403 319 463 leucomatis
349 411 378 464 et
406 403 596 464 cicatricibus
620 413 650 464 et
673 404 811 466 omnibus
834 408 914 466 vitiis
938 407 1101 490 oculorum,

88 495 113 553 si
142 491 264 552 adsidue
293 491 362 552 inde
390 501 420 552 et
445 500 611 571 opportune
634 495 826 572 inungantur.
872 495 911 556 Ut
934 496 1155 558 leucomata149

87 580 242 641 oculorum
269 580 429 641 efficaciter
452 581 610 661 discutias,
638 582 764 660 ungulas
788 585 864 643 asini
887 586 1013 645 viventis
1034 585 1103 646 lima

59 679 118 731 eet
141 669 229 730 scobe
254 687 356 729 earum
382 688 469 748 quam
492 672 681 752 tenuissimo,
706 673 756 749 qui
782 672 899 733 levitate
924 692 977 734 sua
1001 675 1102 734 oculos

88 777 148 818 non
162 758 299 838 offendat,
323 776 391 818 cum
408 757 483 818 lacte
498 759 637 820 muliebri
656 762 747 820 mixto
766 760 939 840 frequenter
957 764 1102 841 inungito.

90 847 222 906 braneus
245 847 329 907 albus
354 847 493 907 cruribus
516 848 697 926 longissimis
721 867 788 909 cum
812 849 877 910 oleo
901 857 1001 910 vetere
1028 863 1156 912 con-150

90 937 179 996 tritus
197 953 250 1014 per
268 938 470 997 inunctionem
491 936 643 998 adsiduam
668 937 833 998 leucomata
858 941 961 999 eximit
985 946 1015 1000 et
1035 940 1102 1000 ideo

87 1025 190 1104 plures
217 1043 284 1085 curn
313 1025 378 1086 oleo
407 1025 568 1086 sufficienti
596 1028 655 1087 teri
682 1035 814 1108 oportet,
842 1046 879 1088 xre
903 1035 971 1088 ante
996 1023 1116 1088 contir?

46 1130 73 1169 ιο
87 1121 195 1173 matam
233 1116 388 1175 sanitatem
426 1115 609 1176 medicamen
646 1119 849 1177 necessarium
886 1116 970 1177 desit.
1022 1117 1156 1196 Cepaltt

86 1203 173 1280 longa
202 1211 326 1264 contusa
355 1205 532 1282 exprimitur
560 1205 685 1283 eiusque
714 1223 804 1265 sucus
833 1205 1021 1283 opobalsamo
1049 1206 1104 1286 vel,

88 1291 166 1371 quod
195 1291 345 1353 efficacius
375 1300 435 1372 est,
464 1292 535 1353 lacti
557 1292 690 1354 mulieris
715 1293 863 1354 admixtus
886 1294 1050 1355 leucomata
1075 1303 1105 1355 et

87 1383 242 1441 cicatrices
271 1389 301 1441 et
324 1400 399 1460 quae
424 1381 530 1441 Graeci
553 1390 701 1460 argemata
725 1381 873 1461 appeliant
895 1385 971 1443 miro
996 1383 1102 1444 effectu

85 1472 254 1531 inunctioni
277 1470 407 1531 adbibita
427 1477 566 1531 extenuat
585 1478 674 1550 atque
693 1479 840 1551 persanat.
884 1472 1035 1534 Anemone
1055 1472 1097 1533 di-
1105 1483 1155 1533 152

46 1574 71 1615 1⁵
86 1562 166 1620 citur
193 1578 209 1619 a
233 1559 354 1619 Graecis
382 1559 488 1639 herba,
517 1578 591 1639 quae
619 1568 731 1621 tantam
761 1563 821 1621 rim
844 1562 970 1622 remedii
993 1561 1103 1622 babere

87 1648 229 1728 creditur,
253 1649 292 1708 ut
319 1657 434 1727 portata
462 1648 498 1708 ab
523 1667 557 1709 eo
585 1648 633 1709 vel
661 1648 806 1728 subligata
836 1650 911 1710 collo
943 1653 1021 1732 eius,
1053 1652 1104 1730 qui

87 1737 240 1816 glaucoma
259 1739 382 1816 patitur,
397 1739 475 1798 intra
490 1737 553 1798 dies
568 1739 762 1818 quadraginta
778 1741 914 1818 quinque
928 1757 996 1799 eum
1012 1742 1103 1799 sanis·

88 1829 196 1886 simum
214 1825 328 1886 reddat.
359 1825 398 1886 Ut
416 1825 569 1906 glaucoma
587 1829 735 1907 incipiens
754 1828 892 1888 celeriter
912 1828 1157 1906 discutiatur,163

86 1915 209 1975 herbam
238 1914 399 1994 serpyllum
427 1915 561 1994 decoque
590 1925 620 1975 et
648 1918 713 1976 eius
741 1935 816 1994 aqua
845 1916 948 1977 oculos
980 1917 1104 1977 adsidue

46 2019 73 2058 20
88 2005 163 2085 love,
186 2012 289 2083 postea
313 2007 379 2082 pice
403 2004 515 2083 liquida
538 2022 613 2084 pura
637 2022 671 2064 ac
696 2004 789 2064 nitida
811 2004 892 2064 velut
915 2003 1036 2083 collyrio
1060 2007 1104 2063 in-

87 2111 175 2173 unge,
199 2095 258 2154 cito
282 2095 409 2173 recipies
433 2095 597 2153 sanitatem.
638 2091 771 2152 Perdiois
795 2094 884 2152 unius
910 2092 957 2171 fel,
981 2091 1158 2171 opobal-1o4

88 2184 162 2243 sami
186 2181 324 2261 cyathum
353 2200 459 2263 unum,
488 2183 590 2262 cyperi
614 2180 729 2241 Sidonii
756 2180 854 2260 cyathi
881 2188 996 2260 partem
1020 2181 1104 2241 dimi-

88 2271 179 2352 diam,
206 2273 277 2331 trita
305 2271 378 2331 baec
406 2279 436 2332 et
463 2271 499 2331 ad
529 2289 674 2332 summam
698 2270 847 2330 levitatem
870 2269 1013 2349 perducta
1037 2287 1103 2349 per-

87 2363 237 2439 mixtaque
251 2361 282 2419 in
297 2359 405 2438 pyxide
415 2359 554 2440 plumbea
568 2378 695 2439 repones
711 2367 741 2420 et
757 2361 930 2420 inunctione
945 2359 1102 2420 adversum

46 2463 72 2504 25
87 2449 269 2528 glaucomata
284 2456 314 2508 et
328 2449 493 2528 ypocbyses
507 2457 537 2510 et
552 2448 707 2528 caliginem
721 2450 796 2509 mire
807 2451 911 2510 uteris.
936 2449 1023 2510 Corvi
1037 2467 1096 2509 ma·
1106 2459 1157 2509 155

87 2541 147 2598 rini
170 2538 209 2598 iel
233 2539 401 2598 inunctioni
425 2537 589 2599 adhibitum
613 2537 754 2617 caligines
778 2537 870 2619 tollit,
897 2536 1051 2618 albugines
1075 2546 1105 2597 et

87 2629 243 2688 cicatrices
267 2633 417 2708 extenuat,
441 2646 546 2688 carnes
570 2635 778 2689 excrescentes
799 2630 963 2706 compescit
980 2628 1104 2688 ssuores·

88 2735 145 2794 que
174 2715 328 2776 oculorum
357 2718 502 2795 reprimit.
548 2715 701 2796 Pisciculi,
732 2718 784 2795 qui
817 2733 927 2794 equum
950 2718 1157 2776 marinumloo

88 2804 206 2886 similat,
230 2804 269 2864 iel
298 2823 422 2864 ovorum
446 2803 589 2864 albumini
612 2806 737 2863 mixtum
762 2811 792 2862 et
815 2821 883 2863 cum
907 2803 973 2863 lana
1001 2803 1103 2863 sucida

46 2906 73 2946 ³0
88 2893 181 2954 oculis
210 2894 379 2971 adpositum
408 2890 513 2950 melius
541 2891 706 2950 remedium
736 2908 825 2967 supra
855 2892 975 2967 scriptis
1003 2889 1103 2949 oculo-

88 3000 153 3043 rum
179 2985 277 3043 causis
301 2998 389 3061 quam
413 2978 507 3039 ullum
531 2976 610 3037 aliud
632 2977 816 3037 medicamen
835 2985 987 3054 praestare
1012 2979 1104 3036 mani·

88 3071 196 3132 festum
217 3079 271 3132 est.
306 3069 439 3130 Scrotina
458 3067 544 3146 adipe
563 3067 678 3126 recenti
694 3067 720 3125 si
734 3067 802 3143 quis
817 3067 961 3125 contritos
976 3064 1157 3142 angulos15‘t

87 3160 257 3242 oculorum,
281 3178 356 3238 quos
380 3159 486 3220 Graeci
510 3155 636 3217 canthus
660 3162 780 3235 vocant,
808 3155 936 3214 interius
960 3153 1104 3213 exterius·

89 3267 145 3329 que
168 3251 334 3330 inunxerit,
357 3246 545 3326 vermiculos,
569 3247 621 3325 qui
644 3246 725 3306 noxii
749 3251 818 3305 sunt
841 3241 943 3322 oculis,
966 3250 1105 3322 potenter

47 3349 74 3391 εδ
89 3338 197 3400 educit.
245 3337 351 3417 Sepiae
374 3345 450 3398 testa
474 3337 612 3416 interior,
636 3353 711 3414 quae
735 3332 831 3394 mollis
855 3340 913 3414 est,
937 3331 1158 3412 diligentis-158

92 3430 165 3487 sime
197 3429 268 3487 trita
302 3435 332 3486 et
363 3425 502 3488 muliebri
533 3425 608 3485 lacte
639 3426 783 3504 permixta
817 3431 905 3504 atque
938 3421 1116 3484 inunctioni

90 3515 219 3576 adbibita
250 3534 340 3594 supra
369 3516 456 3576 dictis
480 3513 638 3577 oculorum
667 3515 771 3578 causis
798 3513 977 3596 plurimum
994 3508 1116 3590 uestes*
