2438 3802
516 132 731 196 „73-

113 315 180 356 cum
210 295 305 355 farina
332 295 416 354 tenui
443 295 588 354 miscetur
616 312 649 354 ac
678 295 845 355 diutissime
876 296 997 376 teritur,
1026 303 1128 374 postea

112 384 241 445 adicitur
260 383 355 444 mellis
379 383 546 461 despumati
569 383 680 461 aliquid
704 402 738 443 00
761 385 831 463 vini,
854 392 888 444 ut
906 383 1049 462 liquidius
1069 385 1128 466 fiat,

110 482 250 553 potenter
278 472 347 532 inde
375 474 562 550 inunguntur
590 471 668 532 oculi
697 472 821 550 caligine
845 471 1021 532 laborantes.
1068 473 1128 534 llos
1146 485 1178 536 81

111 569 292 623 nocturnum
326 559 447 638 colliges
475 560 652 620 nitidissime
680 563 711 620 in
738 567 824 638 prato
852 568 882 621 et
910 562 940 620 in
969 561 1127 639 ampullam

84 653 215 717 omittes¹
236 657 324 728 atque
343 648 453 709 adicies
472 649 532 709 illic
552 648 646 709 mellis
666 650 756 710 Attici
771 641 810 734 9·
826 648 877 709 Xll
900 658 929 710 et
947 649 1129 729 opobalsami

113 732 152 825 9·
178 738 215 798 Vl
237 756 270 798 ac
294 740 407 816 pariter
431 745 591 816 utrumque
616 737 755 798 miscebis
778 745 808 798 01
832 741 874 798 510
899 741 992 798 uteris
1016 738 1051 798 ad
1075 758 1127 800 un·

113 827 242 905 gendum
264 827 310 886 001
334 826 592 906 superlinendum,
624 828 732 886 mirum
761 827 926 887 remedium
955 829 1127 906 experieris.

115 915 225 976 Sucum
258 917 422 976 vettonicae
457 916 665 976 tenuissimum
694 915 788 976 oculis
816 915 952 996 infunde,
985 915 1126 976 clariores
1146 928 1180 978 81

113 1023 164 1064 005
198 1004 286 1064 100105
317 1012 345 1064 01
373 1006 563 1082 inportunam
591 1003 780 1065 lacrimarum
815 1003 1042 1064 destillationem
1070 1007 1129 1067 0110

71 1119 97 1157 ao
111 1092 247 1153 siccabis.
293 1090 345 1152 Fel
369 1092 473 1152 cameli
497 1092 592 1153 solum
616 1111 671 1171 per
694 1111 725 1153 se
750 1093 841 1154 fronti
864 1092 981 1154 inlitum
1005 1093 1127 1173 prodest
1146 1106 1180 1156 83

111 1182 269 1242 adversum
298 1180 466 1262 caliginem,
495 1181 547 1241 sed
571 1200 609 1242 ne
638 1183 758 1242 omnino
787 1182 942 1261 lippiatur,
970 1181 1128 1243 decoctum

111 1289 180 1330 cum
209 1269 304 1330 mellis
328 1271 430 1349 optimi
454 1271 567 1349 cyathis
592 1269 688 1330 tribus
712 1277 742 1330 et
765 1272 846 1330 croci
869 1273 956 1331 uncia
980 1273 1011 1330 in
1035 1290 1127 1331 unum

84 1401 86 1405 ι
112 1358 251 1429 miscebis
284 1366 314 1419 et
347 1360 389 1418 sic
423 1358 617 1419 suffusionem
650 1358 686 1418 ad
715 1359 817 1420 oculos
845 1359 935 1419 facies
964 1359 1009 1419 vel
1038 1362 1127 1420 etiam

112 1447 279 1526 superlines
302 1447 371 1507 inde
395 1446 556 1525 caligantes
579 1455 608 1506 01
632 1447 790 1526 lippientes
814 1447 930 1528 oculos,
955 1447 1012 1508 hoc
1036 1449 1128 1508 medi-

71 1560 97 1601 as
112 1539 226 1596 camine
255 1537 343 1596 etiam
373 1545 580 1596 excrescentes
610 1554 715 1597 carnes
742 1539 773 1596 in
803 1537 897 1597 oculis
920 1544 950 1597 et
973 1539 1127 1597 cicatrices

111 1632 263 1685 curantur.
309 1623 352 1684 Ad
382 1623 522 1703 caligines
547 1624 701 1685 oculorum
725 1624 919 1704 detergendas
945 1626 1126 1685 medicamen
1146 1638 1181 1687 84

110 1713 194 1773 valde
218 1714 335 1774 efficax:
358 1712 453 1773 Rosae
473 1715 569 1774 siccae
588 1731 704 1792 pugnos
724 1715 798 1775 duos
817 1714 920 1793 plenos
940 1732 1008 1774 cum
1028 1713 1127 1774 radice

111 1801 231 1862 feniculi
262 1801 420 1879 diligenter
448 1805 567 1880 purgati
597 1811 627 1862 et
656 1803 717 1863 feni
745 1804 844 1880 graeci
874 1820 1007 1882 pugnum
1035 1821 1127 1862 unum

111 1889 233 1970 plenum
252 1892 282 1951 in
303 1890 389 1951 ollam
408 1909 513 1951 novam
532 1893 633 1951 mittes
653 1898 682 1951 et
697 1891 818 1951 decocta
833 1895 928 1969 prima
942 1910 1018 1970 aqua
1037 1892 1128 1952 effusa

70 1981 155 2043 eosic
175 1987 277 2057 postea
296 1978 454 2059 decoquas,
479 1987 511 2039 ut
531 1981 704 2059 spissescat3
724 1979 830 2039 deinde
850 1979 945 2039 mellis
964 1980 1055 2039 Attici
1075 1998 1127 2039 un-

111 2069 187 2128 ciam
216 2069 408 2146 supermittes
437 2075 466 2128 et
494 2068 607 2145 piperis
635 2065 798 2145 scripulum
827 2065 902 2127 bene
931 2069 1007 2148 triti,
1038 2066 1127 2127 addes

111 2159 198 2216 etiam
223 2159 302 2235 passi
323 2155 433 2216 Cretici
457 2155 649 2236 aliquantum,
673 2164 706 2216 ut
729 2155 872 2234 liquidius
896 2155 994 2235 facias,
1020 2154 1127 2214 deinde

110 2263 165 2323 per
192 2244 346 2305 linteolum
380 2244 538 2305 delicatum
571 2244 682 2305 colabis
715 2252 745 2304 et
781 2243 816 2304 ad
855 2245 1049 2304 suffusionem
1081 2244 1127 2304 001

111 2333 367 2412 superlinitionem
383 2333 538 2394 oculorum
552 2335 655 2395 uteris.
694 2333 827 2394 Perdicis
843 2333 882 2393 101
901 2335 1026 2394 mixtum
1046 2331 1126 2393 melli
1145 2343 1179 2394 81

69 2447 96 2486 aa
110 2423 208 2482 Attico
228 2421 383 2500 caliginem
397 2421 482 2503 tollit,
502 2424 528 2482 si
542 2422 636 2483 oculis
650 2423 773 2484 adsidue
788 2422 970 2503 infundatur,
991 2423 1043 2482 sed
1058 2441 1126 2483 cum

110 2511 198 2570 modo
223 2518 252 2571 et
276 2510 391 2588 aequali
413 2529 561 2573 mensura.
608 2512 730 2591 Aquilae
754 2511 793 2572 fel
817 2530 883 2572 cum
909 2511 995 2571 melle
1019 2513 1125 2589 Attico,
1145 2521 1178 2572 86

109 2617 209 2678 myrra
236 2617 305 2659 vera
334 2607 363 2659 et
391 2602 469 2660 nitro
498 2599 564 2660 albo
592 2601 716 2680 singulis
744 2602 841 2662 unciis
873 2603 998 2661 mixtum
1031 2599 1126 2661 oculis

109 2690 253 2747 visionem
282 2690 481 2748 acutissimam
509 2697 653 2767 praestat,
682 2692 708 2750 si
735 2709 803 2751 cum
831 2689 919 2750 modo
942 2689 1125 2749 infundatur.

109 2774 148 2836 Ut
167 2778 229 2836 acie
248 2778 376 2837 certiore
395 2779 506 2838 intueri
525 2779 623 2836 omnia
641 2781 748 2857 possis,
768 2779 843 2838 licus
861 2777 1016 2837 Africanae
1036 2780 1124 2838 etiam
1144 2788 1177 2837 87

67 2890 94 2930 ³0
110 2867 219 2925 veteris
247 2865 406 2926 dummodo
434 2865 646 2942 pinguissimae
675 2865 710 2924 ad
739 2867 838 2941 ignem
866 2864 1023 2924 calefactae
1053 2883 1125 2924 suco

109 2971 251 3032 expresso
281 2956 408 3033 vinoque
440 2950 534 3011 diluto
567 2951 669 3010 oculos
697 2953 823 3030 inunge,
855 2950 1051 3028 gratulaberis
1080 2970 1124 3010 re·

108 3042 216 3103 medio.
262 3041 368 3121 Vipera
398 3043 461 3101 viva
484 3040 613 3099 mittitur
637 3041 667 3099 in
692 3055 741 3097 005
765 3056 874 3098 novum
898 3037 988 3098 fictile
1012 3045 1042 3098 et
1065 3039 1124 3098 adi·
1143 3051 1177 3102 88

109 3132 189 3191 citur
212 3133 240 3191 ei
264 3133 328 3192 suci
352 3128 473 3190 feniculi
495 3127 618 3208 cyathus
637 3145 715 3189 unus
735 3133 765 3186 et
784 3128 859 3186 turis
878 3143 1003 3203 granum
1022 3145 1123 3207 unum,

108 3218 216 3280 deinde
237 3238 288 3280 005
308 3218 465 3280 obturatur
484 3215 585 3298 argilla
605 3225 635 3278 et
654 3214 873 3278 circumlinitur
896 3221 926 3274 et
949 3215 980 3274 in
1004 3214 1123 3275 furnum

181 3433 196 3480 2
217 3429 249 3480 ut
267 3425 390 3481 litterula
407 3441 493 3481 00000.
586 3427 602 3478 8
621 3424 775 3480 redonicae.
869 3428 902 3477 13
921 3420 1053 3477 miscebis
1074 3431 1132 3476 mu.

108 3502 143 3550 20
163 3495 332 3566 dequoques.
406 3501 438 3550 31
458 3493 623 3566 gratulabis.
697 3501 735 3553 11
752 3495 934 3554 circumitus.
