2438 3802
489 211 527 220 —
577 175 729 239 229-

100 338 189 417 ciam,
218 337 270 396 rha
295 336 411 397 Pontici
435 340 625 399 semunciam.
667 338 759 399 Aloen
784 349 814 400 et
836 341 1001 402 mastichen
1025 344 1114 405 simul

99 434 180 486 teres
204 433 234 486 et
257 425 403 486 cribrahis
427 426 512 506 hene,
536 426 666 507 reliquas
690 430 806 507 species
829 431 860 490 in
879 429 938 509 pila
957 432 1065 492 tundes
1084 441 1114 493 ct

100 513 246 576 cribrahis
269 514 344 575 bene
369 522 399 574 et
422 534 525 576 omnes
548 524 651 594 postea
673 519 816 578 inunum
836 519 1000 580 contundes
1020 528 1049 580 et
1069 539 1114 581 re-

99 621 193 682 pones
212 603 370 682 diligenter
384 606 415 664 in
430 605 536 684 pyxide
552 605 774 686 qualicumque3
793 626 861 668 cum
876 607 1006 668 volueris
1020 612 1114 689 potio-

74 711 170 752 snem
193 693 264 753 dare
287 694 395 753 iecoris
419 695 489 754 vitio
512 693 667 774 laboranti,
690 697 722 754 in
745 694 801 756 olla
824 696 871 756 vel
892 697 1114 778 caccaborum,

101 781 153 841 sed
186 790 321 862 excocto,
354 784 539 860 quartarium
571 783 757 861 laenograeci
789 785 956 866 decoques3
988 789 1115 865 primam

100 888 205 948 aquam
229 871 345 951 fundes,
369 890 436 931 cum
456 872 571 931 fervere
591 874 731 954 coeperit,
755 880 785 934 et
804 874 889 935 aliam
909 875 1024 957 lundes,
1046 895 1114 937 cum

100 958 239 1040 fervebit3
262 961 381 1020 tertiam
405 978 516 1039 coques
540 961 575 1021 ad
599 963 703 1021 tertias
727 969 757 1022 11
774 980 902 1042 repones
922 983 981 1044 vas,
1004 967 1114 1044 inquo

99 1047 134 1108 ad
159 1051 262 1108 tertias
287 1049 440 1110 decoreris
464 1049 582 1109 faenum
606 1068 755 1130 graecum,
779 1070 847 1113 cum
869 1071 941 1113 suco
961 1061 991 1113 et
1009 1072 1114 1114 umore

59 1156 85 1195 1o
101 1154 155 1197 suo
179 1146 210 1198 et
232 1138 301 1197 inde
325 1140 477 1217 potionem
500 1141 532 1198 in
556 1136 678 1199 calicem
701 1141 801 1200 mittes
825 1149 855 1200 11
879 1141 968 1201 addes
992 1141 1029 1200 de
1050 1142 1114 1220 pul-

99 1245 168 1286 vere
198 1245 288 1305 supra
313 1229 425 1305 scripto
450 1227 583 1287 cocleare
607 1227 729 1306 plenum
755 1237 785 1288 et
808 1229 925 1307 quando
949 1232 1057 1309 accipit
1079 1233 1114 1311 ic,

100 1316 150 1374 cui
176 1315 357 1376 medendum
386 1317 456 1395 erit,
489 1317 623 1394 digestus
651 1324 681 1376 et
711 1317 829 1377 ieiunus
858 1319 984 1396 accipiat
1012 1329 1041 1378 et
1068 1338 1114 1379 11-

101 1411 215 1481 ceptam
238 1406 392 1483 potionem
414 1404 490 1464 hene
514 1405 638 1484 digerat,
660 1407 702 1466 ita
723 1413 766 1484 ut,
790 1424 858 1466 cum
881 1405 1005 1487 biberit,
1028 1416 1113 1468 tenso

100 1491 221 1552 brachio
254 1494 359 1554 dextro
392 1495 487 1554 iaceat
518 1495 550 1552 in
582 1496 647 1573 ipso
680 1494 790 1576 latere,
823 1504 853 1556 et
884 1495 941 1555 hoc
973 1514 1028 1575 per
1060 1499 1115 1558 tri·

59 1600 84 1640 15
100 1580 193 1641 duum
218 1581 355 1642 similiter
379 1583 479 1664 laciat3
503 1582 575 1643 haec
599 1585 680 1662 potio
702 1585 871 1644 iecoriticos
891 1587 978 1645 etiam
997 1593 1114 1646 veteres

98 1672 174 1730 mire
199 1682 290 1731 sanat.

188 1758 320 1839 Epaticis
347 1760 440 1820 herba
469 1768 628 1822 centaurea
656 1779 692 1820 ex
719 1762 787 1821 vino
816 1761 937 1822 decocta
968 1781 1001 1822 ao
1029 1765 1114 1841 potui
1133 1777 1166 1825 32

99 1848 208 1907 ieiunis
227 1848 293 1909 data
311 1849 437 1910 mirilioe
457 1849 623 1910 auxiliatur.
651 1848 767 1909 Herbae
783 1853 946 1910 vettonicae
961 1853 992 1910 in
1007 1851 1112 1912 umbra
1131 1865 1164 1914 33

101 1936 245 1996 arefactae
271 1937 368 2016 pulvis
397 1957 432 2000 ex
460 1956 553 2016 aquae
581 1937 692 1997 calidae
720 1937 833 2016 cyathis
863 1938 980 1999 duobus
1013 1942 1112 2001 ieiuno

60 2043 86 2082 ao
100 2026 253 2086 iecoritico
275 2029 361 2104 potui
384 2027 470 2088 datus
493 2027 649 2104 magnifice
672 2026 802 2105 prodest.

186 2113 271 2176 Potio
304 2114 498 2176 saluberrima
531 2115 567 2175 ad
600 2115 731 2194 epaticos
764 2133 781 2174 a
810 2113 965 2176 Procliano
997 2117 1167 2181 1111111134

99 2210 231 2265 ostensa:
254 2203 389 2265 Ficatum
412 2205 475 2284 lupi
498 2207 648 2283 integrum
672 2203 750 2264 loliis
774 2203 851 2264 lauri
873 2205 1004 2265 involves
1024 2208 1114 2267 11111

98 2291 134 2351 ad
158 2292 251 2352 solem
270 2292 316 2352 vel
334 2294 370 2354 ad
390 2297 488 2371 ignem
508 2293 634 2354 siccabis
653 2301 684 2353 et
703 2295 845 2353 siccatum
865 2293 1023 2373 diligenter
1044 2295 1113 2356 sub·

98 2379 164 2439 latis
184 2380 262 2440 loliis
281 2383 313 2441 in
331 2381 484 2461 pulverem
504 2383 636 2464 rediges3
661 2400 748 2461 quem
771 2381 923 2460 pulverem
943 2386 973 2443 in
993 2384 1113 2446 vasculo

58 2486 84 2526 11
99 2469 192 2529 nitido
221 2470 353 2531 servabis
382 2481 469 2550 atque
498 2491 535 2532 ex
562 2491 598 2533 eo
631 2471 774 2533 coclearia
808 2471 866 2532 duo
899 2491 967 2533 oum
999 2476 1112 2553 piperis

98 2560 198 2636 granis
222 2559 325 2620 decem
348 2563 427 2621 tritis
451 2561 566 2622 adiecto
589 2561 675 2622 melle
695 2563 807 2639 optimo
827 2561 1001 2641 despumato
1022 2583 1113 2642 quan-

97 2653 162 2707 tum
187 2649 314 2709 sufficiat
338 2669 405 2710 cum
429 2652 549 2710 caroeni
572 2651 677 2730 cyatho
701 2653 732 2710 in
755 2652 875 2730 potione
898 2653 999 2712 ieiuno
1019 2652 1112 2734 dahis,

99 2752 187 2811 quam
210 2740 294 2816 prius
317 2738 397 2798 ferro
421 2737 557 2798 candenti
583 2739 736 2799 calefacies
760 2746 790 2798 et
809 2738 966 2817 diligenter
984 2743 1015 2801 iu
1035 2760 1111 2801 mor·

99 2824 174 2882 tario
198 2825 393 2902 permiscebis
417 2827 593 2904 sedentique
616 2827 743 2886 inlecto
763 2825 854 2906 dehic,
878 2829 918 2887 ita
938 2836 972 2888 ut
990 2837 1112 2906 accepta

58 2927 85 2967 ao
99 2913 218 2988 potione
247 2917 408 2974 contractis
436 2913 562 2993 genibus
591 2914 663 2974 hora
690 2916 806 2990 integra
833 2916 863 2973 in
892 2916 995 2975 dextro
1019 2916 1111 2976 latere

15 3037 18 3040 -
98 3000 192 3061 iaceat
215 3011 244 3063 et
267 3010 370 3081 postea
392 3002 439 3062 uel
462 3021 520 3062 una
543 3002 616 3062 hora
640 2999 816 3062 deambulet.

188 3090 304 3151 Herbae
328 3091 474 3152 verbenae
499 3091 625 3151 solstitio
649 3089 742 3150 lectae
763 3087 860 3166 pulvis
878 3091 909 3148 in
929 3090 1112 3154 coclearibus
1131 3107 1165 3156 35

100 3181 232 3258 quinque
252 3198 318 3239 cum
338 3182 399 3240 vini
418 3181 533 3240 Aminei
553 3181 665 3259 cyathis
685 3176 782 3237 tribus
801 3178 901 3238 ieiuno
920 3182 1005 3258 potui
1025 3181 1112 3242 datus

96 3268 221 3328 mirifice
240 3269 372 3350 prodest,
396 3269 447 3335 sed
468 3288 522 3348 pro
542 3277 636 3330 aetate
657 3276 707 3328 aut
726 3265 839 3327 viribus
858 3269 947 3329 unius
966 3272 1111 3350 cuiusque

56 3371 83 3413 11
98 3358 249 3433 potionem
278 3356 370 3418 dahis.
416 3360 500 3418 Asini
527 3360 610 3420 iecur
638 3359 742 3419 tritum
772 3374 841 3416 cum
873 3359 1054 3437 petroselino
1082 3368 1164 3424 1131

188 3552 202 3599 1
221 3545 413 3618 111Ρ111111]
432 3545 592 3618 reupontici
611 3547 689 3604 Pico.
