2438 3802
510 92 746 157 -344-

122 255 269 337 selibram,
288 263 376 317 tunsa
395 255 468 316 haec
483 263 571 333 atque
586 252 715 314 cribrata
730 253 895 314 miscentur
914 262 1039 317 etcum
1056 274 1146 336 aquae

121 344 258 425 pluvialis
272 343 303 406 θ
318 343 372 404 llll
391 343 427 404 ad
448 343 559 403 medias
579 342 797 421 decoquuntur,
817 360 853 402 ex
868 360 902 402 eo
918 344 1039 405 cotidie
1055 352 1145 406 testes

68 445 103 495 29
122 442 272 495 tumentes
300 433 378 494 inliti
407 433 550 493 citissime
578 433 793 508 reprimuntur.
835 430 977 491 Contusis
1011 441 1046 494 et
1069 452 1147 495 com·

120 525 234 602 pressis
256 520 383 582 testibus
406 521 465 580 cito
489 518 661 598 subvenies,
685 520 711 579 si
734 520 849 579 cicutae
873 518 942 579 lolia
968 523 1051 582 trita
1078 541 1147 584 cum

121 610 249 690 pauculo
268 611 345 670 aceti
362 607 496 686 inducaS,
517 608 558 667 ita
577 615 611 666 ut
629 607 812 668 medicamen
832 606 1024 685 glutinosum
1046 610 1167 693 faciasv

123 708 152 759 et
175 716 229 778 per
252 696 383 756 triduum
407 713 499 774 ponas
523 703 552 755 et
575 713 662 756 mane
685 713 718 756 ac
741 713 865 774 vespera
888 713 1031 758 renoves

68 800 103 848 33
211 785 304 845 Bacae
327 785 463 862 cupressi
481 791 622 844 contusae
642 802 710 844 cum
729 785 854 862 axrmgia
874 791 973 844 vetere
998 786 1146 848 subactae

122 881 152 933 et
175 880 325 951 tamquam
348 871 491 951 malagma
509 874 664 950 impositae
683 872 840 932 herniosos
860 874 948 932 etiam
967 873 1099 936 adultos
1119 885 1148 937 et

123 963 261 1041 antiquos
283 968 422 1038 potenter
445 962 555 1021 iuvant.

68 1062 103 1111 31
212 1049 255 1110 td
269 1050 380 1109 veretri
395 1048 526 1109 dolorem
543 1056 750 1127 tumoremque
766 1048 931 1110 remedium
945 1050 1007 1110 sic:
1028 1050 1178 1135 Betam,1a

124 1138 161 1198 de
192 1156 248 1218 qua
279 1155 394 1219 semen,
422 1138 555 1216 decoque
579 1155 615 1196 ex
638 1155 714 1215 aqua
737 1143 826 1214 atque
850 1155 883 1197 ea
907 1137 1036 1200 adsidue
1062 1159 1147 1202 verc-

123 1235 203 1287 trum
226 1245 280 1305 per
301 1226 431 1287 triduum
451 1227 516 1286 love
535 1233 565 1286 et
583 1233 683 1285 tumor
702 1223 855 1285 sedabitur
874 1233 904 1285 et
922 1227 1034 1287 vitium
1055 1248 1147 1291 omne

69 1327 103 1376 ³2
122 1315 245 1375 reducta
269 1314 406 1393 pellicula
425 1313 585 1374 sanabitur.
624 1313 702 1373 Suco
722 1312 831 1374 herbae
850 1316 1019 1375 vettonicae
1040 1318 1147 1397 tepido

123 1405 191 1463 vino
218 1405 311 1462 mixto
339 1410 490 1462 veretrum
517 1401 640 1462 adsidue
670 1402 735 1461 love
763 1401 809 1461 vel
837 1403 932 1480 ipsam
961 1405 1070 1465 tritam
1095 1407 1146 1467 ad·

69 1504 104 1553 33
123 1509 208 1570 pone.
246 1490 418 1550 Portulacae
441 1508 532 1550 sucus
555 1489 627 1550 tubo
651 1489 795 1550 laboranti
819 1508 873 1568 per
896 1490 1179 1568 clysteriumin·1s

124 1582 234 1639 missus
252 1581 328 1638 mire
346 1578 482 1658 prodest,
501 1580 564 1655 ipsa
584 1579 673 1637 etiam
693 1580 762 1638 trita
777 1580 1009 1657 superimposita
1027 1582 1147 1645 iuvabit

124 1675 154 1728 et
177 1669 245 1746 quia
270 1669 328 1728 cito
352 1668 471 1746 arescit,
494 1665 663 1744 plusculum
684 1669 749 1726 suci
768 1669 833 1728 eius
852 1685 1031 1746 expressum
1054 1670 1147 1733 debet

124 1755 160 1816 ad
183 1755 434 1817 necessitudinem
457 1753 628 1815 huiusmodi
651 1756 805 1816 reservari.

70 1857 105 1906 34
212 1843 312 1904 Pulvis
331 1846 524 1905 tenuissimus
539 1843 575 1904 de
589 1845 679 1922 myrti
693 1842 771 1904 foliis
787 1843 925 1904 arefactis
939 1844 1040 1906 ulceri
1056 1866 1145 1910 vere-

70 1945 104 1994 35
124 1935 164 1994 tri
190 1935 345 2011 inspersus
373 1932 528 1993 celerrime
552 1931 681 2010 prodest.
722 1930 851 1992 Nuoleos
873 1933 979 2011 pineos
1004 1937 1181 1998 minutosso

123 2029 266 2101 purgatos
289 2039 413 2082 numero
434 2019 514 2080 XXX
538 2021 653 2080 adiecto
676 2020 805 2098 pauxillo
829 2023 910 2081 croci
934 2021 1025 2082 simul
1052 2027 1145 2087 tritos

124 2112 151 2170 si
178 2113 246 2189 quis
274 2128 310 2169 ex
337 2111 418 2188 passi
446 2108 550 2188 cyatho
579 2108 688 2169 cotidie
712 2127 765 2186 per
788 2109 852 2168 dies
876 2107 954 2168 Vllll
977 2115 1145 2175 continuos

70 2212 105 2261 36
124 2197 215 2278 bibat,
237 2200 312 2257 mire
336 2200 421 2276 penis
440 2199 510 2257 vitio
530 2195 727 2275 celeriterque
747 2196 907 2258 sanabitur.
935 2195 1051 2260 Ervum
1072 2221 1144 2280 pnr-

124 2293 224 2364 gatum
253 2285 388 2345 molitum
416 2294 446 2345 et
472 2287 504 2344 in
532 2284 656 2344 farinam
680 2287 883 2346 tenuissimam
907 2285 1067 2349 redactum
1093 2291 1143 2351 ad·

124 2375 201 2432 iecto
225 2374 301 2431 turis
324 2371 433 2450 polline
457 2389 526 2431 cnm
549 2374 617 2430 vino
640 2379 740 2433 vetere
763 2381 880 2435 coctum
899 2375 1034 2453 tepidum
1056 2396 1142 2439 vere·
1156 2393 1181 2435 sa

123 2467 172 2520 tro
195 2460 357 2536 inpositum
381 2468 411 2519 et
434 2459 607 2538 adopertum
632 2460 774 2522 citissime
797 2463 926 2540 prodest.

70 2563 105 2614 3⁷
213 2544 315 2607 Verris
347 2545 504 2608 cerebrum
537 2553 656 2607 coctum
688 2557 718 2610 et
750 2568 817 2611 cum
849 2550 935 2611 melle
968 2550 1143 2629 adpositum

70 2654 106 2704 38
125 2634 324 2697 carbunculos
351 2637 382 2696 in
409 2643 526 2696 veretro
550 2635 710 2697 efficaciter
734 2647 826 2699 sanat.
871 2639 950 2699 Dens
974 2638 1141 2702 caballinus

125 2732 268 2786 contusus
292 2733 321 2786 et
344 2726 375 2785 in
398 2724 550 2804 pulverem
569 2726 779 2787 tenuissimum
797 2727 936 2788 redactus
955 2737 1077 2788 veretro
1096 2731 1140 2790 in-

70 2831 105 2882 39
125 2832 248 2894 spersus
267 2814 428 2875 efficaciter
447 2814 577 2894 prodest.
611 2814 736 2875 hrictini
756 2814 912 2895 pulmonis,
932 2815 1004 2876 dum
1023 2817 1054 2876 in
1076 2836 1140 2878 cra·
1154 2835 1180 2876 so

124 2903 215 2964 ticula
238 2913 364 2984 assatur,
387 2921 478 2964 sucus
502 2910 644 2982 exceptus
667 2905 850 2982 myrmecias,
874 2906 999 2982 quaein
1019 2914 1141 2968 veretro

124 2994 207 3052 nasci
231 2992 335 3072 solent,
358 2995 499 3053 unctione
524 3009 576 3052 sua
600 2999 708 3071 purgat
732 2999 761 3051 et
785 2992 914 3052 discutit.

71 3099 106 3148 40
214 3080 318 3140 Canini
341 3082 451 3160 capitis
478 3081 607 3140 recentis
631 3081 728 3139 exusti
751 3081 828 3141 cinis
851 3081 963 3141 veretri
984 3081 1030 3141 vel
1056 3086 1142 3144 testi·

124 3169 260 3230 culorum
288 3167 396 3228 tabidis
429 3176 459 3228 et
489 3167 598 3227 umidis
625 3166 778 3229 ulceribus
806 3171 959 3248 inspersus
988 3178 1042 3230 aut
1070 3190 1144 3233 cum

213 3378 247 3426 37
270 3372 367 3426 Verris
391 3372 545 3444 cerebrum]
568 3373 602 3439 cf.
618 3373 694 3428 Plio.
709 3389 736 3429 u.
751 3374 776 3429 lv.
792 3379 835 3444 28,
850 3379 911 3429 tta.
1007 3380 1044 3430 28
1064 3374 1144 3436 Dens

124 3441 292 3513 caballinus]
312 3443 346 3509 cf.
361 3442 437 3497 Plio.
451 3459 479 3498 vv.
493 3444 519 3500 b.
534 3448 577 3512 30,
594 3449 636 3499 72.
