2438 3802
512 149 750 214 -100-

122 322 236 374 coctam
261 312 308 372 vel
331 312 453 373 alteram
477 331 579 373 earum
603 331 672 373 cum
695 313 789 372 farina
812 310 975 371 hordeacea
999 309 1141 370 similiter

122 421 157 462 ex
182 420 257 480 aqua
281 401 375 462 mulsa
395 409 522 482 coctam,
545 410 664 480 oportet
687 403 776 461 etiam
800 408 882 460 extra
905 398 1040 460 adhiberi
1059 399 1140 458 sion·

121 494 183 570 gias
204 489 307 550 molles
332 509 367 550 ex
387 508 462 569 aqua
481 489 573 549 calida
592 488 668 550 bene
690 507 854 568 expressas,
878 488 985 549 deiude
1002 488 1141 566 tepidum

121 579 266 640 instillare
289 578 506 657 amygdalinum
530 578 627 638 oleum
651 578 698 638 vel
721 579 869 639 laurinum
892 579 1010 655 saepius
1029 578 1060 636 in
1080 576 1139 636 die.

68 680 101 730 58
120 668 246 729 Prodest
274 668 349 727 bene
378 666 500 727 auribus
528 667 655 727 infirmis
683 667 853 728 huiusmodi
876 666 1167 726 medicamentumzs

121 757 235 835 llyrrae
262 755 287 816 X
311 756 337 836 l,
359 758 440 815 croci
467 754 493 816 X
516 756 542 836 l,
570 758 696 816 storacis
719 755 867 834 globuloS,
894 773 954 815 non
978 753 1140 832 ampliores

121 863 210 923 quam
234 846 313 904 cicer
337 854 395 924 est,
422 862 547 906 numero
571 843 666 925 XXX,
694 847 806 923 piperis
830 843 909 921 longi
934 860 1024 921 grana
1049 841 1140 922 XXX,

122 951 216 992 nuces
244 950 358 993 amaras
386 951 511 994 numero
540 932 629 993 XXX.
683 933 755 994 Cum
785 941 868 993 aceto
896 932 969 992 baec
996 940 1140 991 teruntur

122 1021 265 1101 tamdiu,
288 1021 382 1082 donec
401 1021 529 1083 habeant
552 1022 775 1101 spissitudinem
798 1023 891 1100 passi,
915 1029 1003 1100 atque
1027 1022 1067 1081 ita
1092 1038 1135 1080 re·

123 1119 277 1188 ponuntur
296 1112 326 1170 in
346 1110 453 1190 pyxide
473 1129 580 1190 cyprea
599 1120 649 1171 aut
668 1113 699 1170 in
718 1110 826 1171 doliolo
846 1113 954 1189 vitre03
976 1128 1043 1169 cum
1063 1127 1180 1187 opns1o

122 1200 225 1278 luerit,
254 1199 504 1260 medicamentum
532 1218 599 1260 rosa
628 1200 755 1259 admixta
784 1199 974 1276 liquefactum
1003 1198 1138 1276 tepidum

69 1300 104 1349 59
124 1288 184 1368 flet,
208 1288 318 1366 quod'
311 1307 342 1348 ιιι
365 1287 430 1349 lana
454 1289 556 1349 sucida
580 1289 702 1349 auribus
725 1287 926 1348 instillabitur.
971 1285 1063 1346 Nardi
1087 1287 1141 1366 Sy-

123 1378 198 1436 riaci
220 1376 246 1436 X
270 1376 320 1456 Vl,
348 1378 485 1438 afronitri
508 1377 533 1437 X
556 1377 607 1457 Vl,
635 1395 753 1438 murrae
777 1375 803 1435 X
826 1375 894 1456 llll,
922 1377 1034 1454 piperis
1058 1375 1140 1470 longi

125 1473 155 1525 et
173 1468 250 1525 turis
269 1464 294 1524 X
312 1426 375 1545 ΙΙΙΙ,
398 1465 493 1525 mellis
512 1425 607 1526 ΑῐΙίοΙ
621 1465 646 1525 X
665 1465 727 1546 llll,
747 1465 851 1545 balani,
871 1482 929 1544 qua
949 1450 1141 1543 unguentarii

124 1561 258 1633 utuntur,
282 1555 313 1612 in
332 1512 432 1630 pilulis
453 1553 479 1612 X
498 1553 557 1633 Vll,
580 1554 663 1613 labae
686 1556 881 1634 Aegyptiacae
899 1555 1043 1613 interiora
1063 1573 1140 1632 quae
1155 1571 1180 1612 ιι

124 1653 194 1702 suut
218 1659 316 1702 amara
336 1641 361 1701 X
380 1641 443 1722 Vll,
471 1641 629 1719 diligenter
653 1651 682 1701 et
706 1650 877 1703 seorsumt
864 1644 935 1703 trita
954 1644 1038 1721 prius
1056 1643 1141 1722 haec,

125 1739 228 1808 postea
250 1734 397 1809 permixta
420 1749 488 1790 eum
512 1738 595 1790 aceto
620 1731 785 1808 levigantur
813 1741 844 1791 et
872 1749 940 1791 cum
964 1749 1013 1790 res
1036 1741 1140 1808 postu-

125 1819 240 1897 laverit,
268 1822 384 1880 rosacei
406 1819 464 1880 olei
488 1820 567 1903 quod
591 1822 662 1880 satis
687 1823 725 1880 sit
748 1819 961 1880 admiscebitur
985 1829 1074 1897 atque
1099 1823 1141 1881 ita

125 1915 230 1985 tepens
254 1907 446 1970 instillabitur
465 1908 521 1968 hoc
539 1909 799 1989 medicamentum,
822 1908 901 1987 quod
920 1910 1059 1987 protinus
1078 1927 1140 1969 om-

68 2008 106 2058 oo
125 2013 179 2056 nes
198 1998 314 2056 aurium
334 1997 449 2059 sedabit
468 1997 594 2059 dolores.
627 1997 705 2059 Haeo
723 2017 842 2077 quoque
857 1999 1022 2075 conpositio
1038 2000 1139 2058 statim
1154 2016 1180 2056 eo

125 2084 243 2146 dolores
266 2088 383 2148 aurium
407 2087 504 2148 sedat:
536 2087 711 2148 Centauriae
735 2105 820 2166 suco,
849 2088 875 2146 si
902 2103 962 2145 non
986 2085 1141 2146 sordidum

125 2175 212 2235 ulcus
240 2175 342 2255 luerit,
371 2194 408 2235 ex
435 2194 510 2254 aqua
538 2178 584 2235 uti
607 2175 768 2254 oportebit3
798 2193 866 2234 cum
890 2183 989 2234 autem
1012 2175 1141 2235 multum

73 2272 105 2322 61
125 2265 210 2341 puris
234 2265 305 2339 erit,
328 2265 429 2322 vinum
453 2263 673 2324 admiscebitur.
720 2263 815 2341 Supra
843 2266 1012 2341 opinionem
1036 2265 1141 2324 elticax

127 2349 250 2410 auribus
269 2350 325 2410 hoe
346 2349 608 2411 medicamentum:
631 2350 758 2430 Murrae,
783 2354 872 2430 croci,
896 2355 965 2432 opii,
984 2352 1070 2412 nardi
1090 2353 1142 2432 Sy-

126 2439 212 2515 riaci,
241 2440 318 2497 turis
341 2439 475 2518 corticis,
505 2438 575 2497 mali
597 2438 703 2500 Punici
726 2440 814 2518 aridi,
838 2439 921 2500 fabae
946 2443 1143 2520 Aegyptiacae
1157 2460 1183 2501 eo

128 2543 203 2604 quae
227 2532 298 2584 sunt
320 2523 472 2607 interiora,
496 2544 607 2587 nucum
627 2545 794 2590 amararum
813 2529 925 2610 itidem,
948 2530 1044 2590 mellis
1064 2530 1144 2610 boni,

127 2612 312 2691 singulorum
346 2612 371 2672 X
399 2613 465 2696 llll,
498 2618 626 2676 castorei
653 2615 678 2676 X
706 2616 745 2697 ΙΙ,
778 2619 916 2678 aluminis
949 2619 1011 2678 tissi
1041 2618 1066 2677 X
1097 2618 1144 2699 lll,

127 2703 240 2781 piperis
263 2701 343 2781 longi
366 2701 392 2761 X
415 2702 441 2784 Ι,
470 2706 567 2764 omnia
591 2707 675 2783 prius
699 2724 834 2766 seorsum
858 2706 1017 2785 diligenter
1040 2717 1143 2768 terun-

127 2800 191 2872 tur,
222 2799 324 2871 postea
352 2810 421 2853 cum
445 2801 527 2853 aceto
551 2797 696 2855 acerrimo
721 2798 809 2855 mixta
835 2804 972 2856 teruntur
996 2805 1056 2856 tam
1083 2797 1144 2876 diu,

128 2880 222 2942 donee
236 2880 364 2943 babeant
378 2883 602 2961 spissitudinem
616 2887 709 2966 passi3
727 2903 795 2945 cum
811 2903 885 2964 opus
900 2885 998 2964 luerit,
1013 2885 1142 2946 medica·
1157 2903 1185 2943 eo

128 2979 261 3031 mentum
278 2971 440 3032 instillatur
460 2973 606 3055 tepidum3
625 2974 704 3034 idem
719 2974 789 3034 facit
808 2976 925 3051 egregie
944 2974 1024 3033 etad
1042 2973 1144 3034 ulcera

77 3062 246 3120 staurium
270 3061 398 3122 sananda
421 3071 509 3141 atque
533 3062 694 3140 purganda.
740 3061 806 3141 llis,
836 3063 887 3139 qui
913 3061 997 3121 surdi
1020 3071 1091 3122 sunt
1115 3072 1146 3123 et

130 3166 257 3224 qnorum
280 3167 368 3210 aures
392 3159 506 3231 sonant,
530 3168 620 3211 sucus
639 3167 712 3210 uvae
731 3151 896 3209 inmaturae
918 3158 948 3209 et
967 3169 1052 3210 rosae
1071 3170 1144 3230 pon-

130 3236 201 3296 dere
228 3239 293 3316 pari
322 3238 469 3298 admixtus
497 3239 657 3317 tepideque
686 3237 803 3298 inlusus
826 3237 987 3316 plurimum
1011 3240 1144 3318 prodest.

202 3376 216 3423 1
236 3371 380 3426 ordeoeeo.
479 3377 495 3425 3
516 3387 550 3424 ex
567 3387 629 3454 ego:
648 3375 684 3427 et.
765 3379 781 3426 t
806 3372 1009 3442 amigdalinum
1033 3377 1145 3445 (saepe).

131 3444 164 3492 21
184 3441 361 3496 centauricae
380 3457 485 3496 sucum.
572 3442 596 3497 si
613 3459 671 3498 non
688 3459 738 3499 om.
826 3450 860 3498 nt
876 3450 939 3514 post
957 3425 1145 3501 medicamen·

129 3509 191 3565 tum
209 3513 273 3566 odd.
291 3510 430 3581 reperitur
449 3513 610 3570 Coruoriue.
683 3520 716 3570 tt
736 3517 766 3570 et
783 3531 833 3571 om.
