2438 3802
498 57 550 144 ’-
601 98 664 162 raa
713 135 749 142 -

124 269 228 340 genter
256 263 287 322 in
311 280 380 322 vaso
404 263 498 322 vitreo
523 278 650 340 repones
674 268 762 339 atque
787 279 822 320 ex
846 278 881 320 eo
906 261 1025 319 ieiunus
1049 267 1137 320 terna

125 350 269 411 coclearia
297 350 418 412 cottidie
448 368 560 429 sumes3
589 368 682 428 aeque
711 348 832 427 prodest
860 347 1004 408 marrubii
1030 348 1137 408 viridis

124 457 215 500 sucus
244 457 312 500 cum
345 438 441 500 mellis
470 438 636 516 despumati
665 440 729 516 pari
759 455 899 497 mensura
932 437 1073 496 decoctus
1106 446 1137 496 et

124 529 258 589 cocleare
282 527 370 606 pleno
394 545 479 586 mane
504 534 640 605 sumptus
664 535 694 586 et
718 542 847 605 vespere.

69 629 104 677 44
212 616 310 676 Herba
338 617 500 693 argimonia
529 617 655 675 contrita
683 622 713 674 et
745 633 781 674 ex
814 616 881 674 vino
915 622 1014 673 vetere
1043 612 1165 674 dilutas

123 707 208 783 potui
232 704 299 764 data
321 706 409 763 unice
432 702 629 763 tussientibus
652 703 784 783 prodest,
806 710 914 781 tamen,
937 710 971 762 ut
994 701 1064 782 dixi,
1085 703 1137 778 qui

70 807 104 854 43
124 791 333 852 remediandus
357 799 402 851 est
425 793 543 851 ieiunus
567 793 700 870 accipiat.
741 791 830 850 betae
854 789 937 850 radix
959 793 1062 868 pipere
1086 790 1137 850 ad·

123 883 200 940 iecto
225 881 400 958 conteritur,
424 898 459 939 ex
483 898 518 939 eo
542 880 577 939 ad
601 882 714 958 piperis
725 879 970 958 ‘magnitudinem
989 880 1137 956 catapotia

123 969 207 1048 liunt,
225 968 294 1027 inde
308 967 378 1028 bina
396 970 496 1028 ieiuno
516 968 583 1028 data
602 969 790 1049 devorantur,
809 969 903 1028 donec
920 968 1012 1027 tussis
1030 969 1136 1026 vitium

70 1071 105 1118 44
124 1064 326 1117 consenescat.
368 1056 464 1117 Fabae
493 1056 603 1116 solidae
629 1075 753 1134 granum
776 1057 909 1117 infusum
932 1057 962 1115 in
986 1074 1063 1134 aqua
1086 1055 1135 1115 ad·
1151 1073 1178 1113 1o

125 1163 219 1225 eoque
248 1145 396 1225 inssatum,
425 1153 460 1206 ut
486 1145 552 1224 plus
580 1147 693 1206 umoris
721 1153 850 1222 nequeat
873 1144 1007 1224 haurire,
1035 1143 1136 1204 subito

70 1247 105 1296 45
125 1234 299 1295 devoratum
326 1243 440 1295 tussem
470 1236 545 1295 mire
575 1234 659 1295 tollit.
704 1233 823 1294 Lotium
855 1233 1017 1294 humanum
1049 1240 1136 1293 vetus

125 1323 239 1384 adiecto
263 1342 361 1404 croco,
386 1331 419 1385 ut
442 1324 515 1384 odor
538 1325 602 1384 eius
626 1322 788 1402 occulatur,
813 1322 989 1382 exhaustum
1018 1328 1136 1380 veteres

71 1426 105 1474 46
125 1420 223 1473 tusses
247 1420 276 1472 et
300 1431 365 1493 eos,
393 1415 445 1490 qui
473 1430 572 1472 crassa
595 1414 702 1490 pituita
726 1418 883 1490 vexantur,
911 1409 1056 1470 emendat.
1103 1408 1136 1468 Si

124 1503 174 1561 cui
196 1500 285 1561 saliva
309 1500 446 1560 resiliens
469 1508 583 1560 tussem
606 1502 743 1581 moverit,
772 1499 878 1578 aliquis
902 1500 930 1559 ei
952 1500 983 1558 in
1006 1498 1136 1558 frontem
1151 1514 1177 1555 15

70 1603 105 1652 44
125 1588 233 1669 sufflet,
252 1591 352 1649 statim
371 1587 489 1648 desinit.
516 1587 560 1649 Er
580 1607 634 1648 ovo
653 1590 728 1649 duro
747 1590 873 1648 interius
893 1587 972 1666 quod
988 1594 1033 1646 est
1046 1604 1135 1665 passo

124 1679 260 1738 intritum
288 1677 412 1737 adiectis
441 1694 533 1755 aquae
562 1676 672 1737 calidae
701 1677 814 1756 cyathis
841 1676 958 1736 duobus
987 1677 1025 1753 si,
1054 1682 1134 1734 ante·

124 1785 212 1845 quam
235 1765 370 1826 cubitum
393 1783 456 1845 eas,
484 1765 609 1844 biberis,
640 1767 816 1845 quietiorem
844 1784 860 1824 a
888 1765 965 1825 tussi
992 1765 1136 1823 maiorem

122 1862 238 1932 partem
267 1856 363 1915 noctis
390 1853 514 1914 habebis
542 1861 572 1914 et
600 1855 665 1914 eius
692 1856 821 1933 potionis
847 1853 1024 1914 adsiduitate
1052 1870 1135 1912 sana-

70 1955 105 2004 48
123 1942 203 2002 bere.
237 1941 315 2003 Faba
334 1943 413 2003 fresa
431 1943 637 2024 tussientibus,
656 1945 687 2003 in
707 1961 764 2022 qua
783 1941 880 2002 aleum
898 1948 1017 2002 coctum
1036 1941 1136 2021 luerit,
1150 1958 1177 1998 ao

122 2033 249 2091 maxime
278 2031 402 2110 prodest
429 2031 476 2092 vel
503 2051 538 2092 ex
566 2031 652 2092 melle
680 2033 723 2092 inv
739 2030 805 2092 cibo
834 2037 951 2109 sumpta
975 2029 1136 2089 efficaciter

123 2121 289 2180 remedium
312 2128 452 2199 praestat,
476 2121 528 2180 sed
552 2127 582 2180 et
600 2119 775 2198 purulentas
794 2121 996 2179 excreationes
1016 2117 1136 2178 cohibet

71 2220 105 2269 49
126 2217 156 2267 et
179 2216 270 2268 sanat.
312 2207 402 2267 Ficus
426 2210 522 2268 siccae
548 2217 610 2268 tres
633 2226 701 2268 cum
724 2207 830 2286 hysopi
852 2207 968 2267 modico
993 2215 1022 2266 et
1044 2224 1135 2284 parvo

123 2303 208 2355 rutae
227 2295 369 2356 fasciculo
394 2304 424 2355 et
443 2297 593 2374 quartario
613 2296 798 2373 laenograeci
816 2297 936 2373 purgati
954 2313 1023 2355 cum
1041 2313 1135 2373 aquae

123 2383 234 2442 nitidae
265 2384 392 2442 sextario
422 2400 571 2461 propenso
601 2385 633 2442 in
663 2383 719 2443 olla
749 2383 817 2443 rudi
844 2384 880 2443 ad
908 2384 1020 2443 medias
1049 2383 1134 2443 deco·
1149 2400 1176 2442 aa

124 2478 258 2548 quuntur
282 2477 311 2529 et
334 2468 478 2551 colantur,
501 2470 570 2530 inde
594 2479 656 2531 tres
675 2472 811 2549 potiones
832 2490 886 2550 per
905 2472 1038 2532 triduum
1057 2475 1135 2532 tussi

69 2569 103 2620 50
121 2559 213 2618 nimia
236 2556 439 2618 laborantibus
463 2559 584 2639 dantur,
607 2561 716 2619 mirum
739 2560 904 2619 remedium
928 2568 981 2620 est.
1025 2560 1135 2621 Serum

123 2649 222 2707 ovium
246 2646 402 2707 decoctum
431 2655 461 2707 et
484 2665 552 2708 cum
575 2649 642 2707 vino
666 2656 785 2708 austero
809 2648 950 2728 depotum
973 2652 1051 2709 tussi
1074 2667 1134 2710 me-

68 2748 100 2798 41
122 2735 217 2796 detur.
254 2735 420 2796 Sandaraca
439 2754 558 2816 quoque
582 2754 650 2798 cum
673 2738 772 2797 resina
795 2736 995 2798 terebinthina
1019 2756 1054 2798 ex
1079 2756 1133 2798 ovo

67 2836 101 2886 62
122 2823 226 2886 sorbili
245 2831 363 2904 sumpta
378 2833 492 2886 tussem
506 2825 659 2888 remediat.
690 2824 860 2888 Vettonicae
875 2825 993 2905 pollinis
1012 2823 1092 2904 drag.
1107 2826 1134 2887 ll
1148 2844 1175 2885 ao

121 2916 152 2975 in
175 2916 255 2994 passi
279 2914 390 2976 Cretici
413 2916 526 2995 cyathis
542 2915 666 2978 duobus
689 2918 835 2996 permixta
861 2933 937 2995 aqua
960 2913 1053 2976 calida
1077 2917 1134 2977 uti·

120 3004 190 3066 liter
213 3004 370 3066 adversum
393 3011 506 3066 tussem
529 3003 683 3066 bibuntur.

67 3103 102 3152 53
169 3097 172 3100 ’
211 3091 344 3154 Palmare
367 3094 534 3154 remedium
557 3093 593 3153 ad
612 3102 725 3154 tussem
744 3095 803 3153 sic:
826 3092 959 3153 Feniculi
979 3095 1051 3154 sicci
1070 3096 1135 3155 triti

121 3174 161 3267 19·
189 3180 281 3262 Vllll,
309 3181 410 3242 anethi
437 3180 573 3242 similiter
603 3174 642 3265 β
671 3180 763 3256 Vllll,
791 3182 852 3259 opii
880 3180 1004 3260 Hispani
1032 3174 1071 3267 2·
1098 3182 1134 3244 ll.

211 3391 242 3439 11
263 3385 397 3439 humoris.
472 3389 503 3438 13
524 3385 677 3440 exaustum.
737 3391 772 3440 24
790 3385 959 3456 fenogroeci.
1014 3392 1048 3442 25
1067 3405 1132 3456 pro·

119 3472 223 3524 pensae
243 3455 403 3511 Gornarius.
454 3460 488 3509 29
506 3455 688 3510 terebentina.
743 3462 776 3511 31
795 3457 951 3527 permixtae
971 3458 1131 3514 Oorooriua.
