2438 3802
508 146 749 215 -158-

122 312 286 394 decoques,
312 319 347 372 ut
375 313 547 393 spisseseat3
579 319 647 373 ante
677 319 776 372 tamen
805 329 892 390 quarn
925 311 984 371 mel
1016 311 1136 393 adicias,

123 419 212 480 supra
240 403 350 479 scripta
378 399 475 461 colare
503 400 608 481 debes,
640 399 710 461 inde
738 407 823 460 terna
851 399 987 460 cocliaria
1015 402 1136 461 ieiunus

70 509 104 557 ta
123 498 154 550 et
177 497 245 568 post
268 507 371 550 cenam
395 490 531 567 accipies.
576 489 621 549 dd
644 498 757 549 tussem
781 488 945 549 remedium
969 489 1055 550 utile:
1079 489 1134 549 lle·

43 639 45 643 a
123 582 217 639 sinam
236 577 467 638 terebinthinam
486 585 516 638 et
534 577 593 638 mel
611 577 820 656 despumatum
838 580 903 655 pari
920 577 1052 655 pondere
1067 596 1135 656 per-

122 669 248 728 mixtum
272 685 340 726 oum
364 683 418 726 ovo
442 665 547 726 leviter
569 666 692 726 decocto
716 664 839 726 debebis
862 667 981 726 ieiunus
1004 666 1164 726 haurirec

69 773 102 823 1⁷
122 755 257 817 Puleium
281 756 394 814 siceum
417 754 454 814 ad
477 772 646 814 mensuram
671 753 769 834 cyathi
796 763 826 814 et
848 756 994 814 nasturcii
1016 761 1135 815 tantun·

122 845 188 905 dem
207 846 239 904 in
257 842 410 922 pulverem
429 844 638 903 tenuissimum
656 842 758 921 redige
777 850 807 903 et
821 841 917 902 mellis
931 844 1037 922 optimi
1050 843 1136 903 adice

121 933 199 1012 quod
230 931 359 992 sullieiat
385 950 419 992 ac
448 931 580 1010 decoque
609 939 639 992 et
666 949 752 992 mane
781 949 814 991 ac
841 949 966 1010 vespere
996 930 1135 992 cocliaria

120 1021 189 1082 inde
213 1019 329 1099 singula
352 1022 462 1100 accipe,
485 1021 561 1080 miro
585 1020 726 1080 adversus
749 1026 863 1080 tussem
889 1022 1022 1097 quamvis
1045 1021 1135 1080 mole

121 1117 196 1170 stam
219 1108 351 1169 remedio
374 1110 477 1168 uteris.
1148 1129 1174 1168 ro

69 1213 102 1263 18
210 1197 255 1257 Ad
273 1205 388 1258 tussem
406 1204 585 1258 nocturnam
602 1204 632 1257 et
651 1196 796 1257 stomachi
814 1197 1068 1257 confirmationem
1088 1216 1134 1257 re·

121 1287 252 1346 medium
270 1285 513 1365 probatissimum
533 1287 588 1346 sic:
612 1284 730 1346 (larices
748 1293 811 1345 tres
829 1287 1039 1364 pinguissimas
1058 1286 1135 1346 Atri-

121 1393 210 1435 canas
233 1376 328 1453 prima
352 1383 439 1435 noete
463 1375 591 1453 accipies
614 1381 726 1435 assatas
750 1391 841 1452 super
864 1373 1017 1454 carbones,
1040 1376 1081 1434 ita
1100 1383 1135 1435 ut

121 1463 246 1542 singulis
265 1465 371 1523 caricis
390 1465 504 1523 inseras
522 1465 635 1542 piperis
653 1480 744 1542 grana
763 1480 876 1523 novena
896 1461 971 1522 lecta
995 1470 1025 1522 et
1043 1461 1134 1544 pulei,

122 1553 201 1630 quod
229 1569 289 1611 non
317 1551 408 1611 luerit
434 1553 466 1610 in
493 1549 588 1631 fumo,
616 1550 844 1632 aliquantulum,
872 1550 924 1610 sed
953 1552 1065 1611 caricas
1089 1553 1133 1612 sic
1149 1570 1175 1610 15

121 1659 221 1700 assare
244 1638 344 1719 debes,
367 1657 405 1698 ue
424 1637 639 1699 comburantur
657 1642 785 1719 penitus,
810 1639 862 1698 sed
885 1646 919 1698 ut
937 1639 1134 1721 resolvantur,

121 1738 151 1790 et
174 1748 208 1789 ea
231 1728 318 1808 bora,
342 1746 399 1806 qua
423 1734 453 1786 te
476 1728 507 1786 in
530 1726 608 1787 lecto
632 1729 783 1807 posueris,
811 1734 875 1788 tum
905 1745 955 1786 eas
978 1729 1080 1806 accipe
1104 1739 1135 1789 et

32 1845 34 1848 ·
121 1817 262 1895 observa,
299 1834 336 1876 ne
370 1817 530 1895 quicquam
566 1824 669 1893 postea
705 1815 837 1894 loquaris
870 1823 921 1875 aut
954 1833 1134 1895 quemquam

120 1905 262 1985 appelles,
298 1913 457 1985 antequam
484 1903 666 1985 addormias3
702 1904 759 1964 hoc
791 1903 952 1964 observans
984 1923 1039 1983 per
1070 1912 1134 1965 tres

119 2001 223 2054 noctes
247 1994 346 2054 iacies
1147 2013 1175 2053 so

68 2096 100 2145 19
208 2082 253 2143 Ad
276 2090 390 2143 tussem
409 2090 656 2160 praesentaneum
674 2079 839 2141 remedium
859 2082 915 2141 sic:
938 2079 1065 2141 Radices
1083 2099 1133 2142 ru·

120 2173 205 2232 micis
229 2173 361 2231 minutae
386 2173 459 2250 eius,
483 2189 558 2250 quae
579 2188 633 2250 per
656 2187 791 2248 campum
816 2187 847 2229 se
872 2170 979 2229 sternit
1002 2177 1032 2230 et
1051 2187 1133 2230 mora

121 2261 179 2320 lert
201 2259 331 2335 parvula,
355 2258 475 2336 colliges
499 2261 562 2318 sine
586 2258 666 2318 lerro
690 2265 720 2318 et
744 2275 846 2317 earum
869 2256 900 2318 P.
920 2256 960 2317 lll
984 2259 1015 2318 in
1039 2277 1133 2337 aquae

119 2345 150 2406 θ
170 2346 224 2405 xx
246 2346 326 2406 lento
350 2349 419 2424 igne
444 2363 541 2424 usque
564 2346 601 2406 ad
620 2348 723 2406 tertias
742 2346 906 2427 decoques3
930 2345 1036 2406 deinde
1056 2347 1132 2406 radi·

120 2433 204 2494 cibus
224 2435 367 2512 separatis
381 2433 561 2511 ponderabis
580 2451 685 2512 aquam
705 2443 735 2493 et
750 2443 893 2512 quantum
908 2443 1044 2512 separata
1058 2453 1132 2513 aqua
1147 2453 1174 2494 ss

119 2523 297 2601 pensaverit,
320 2528 436 2581 tantum
459 2521 554 2581 mellis
577 2521 649 2582 boni
672 2522 840 2600 despumati
860 2521 1024 2583 admiscere
1044 2522 1131 2583 debe·

118 2611 164 2670 bis
184 2618 214 2670 et
232 2627 338 2670 rursus
361 2616 523 2687 utrumque
547 2612 671 2670 mixtum
694 2610 825 2670 tamdiu
849 2610 1013 2692 decoques,
1036 2610 1130 2671 donec

118 2699 215 2759 mellis
234 2697 458 2777 spissitudinem
476 2696 597 2778 haheat,
617 2698 723 2758 deinde
738 2698 915 2759 admiscebis
930 2701 1042 2778 piperis
1056 2701 1130 2777 opti-

120 2790 157 2848 mi
182 2789 247 2848 triti
269 2794 413 2866 quantum
436 2788 574 2847 aestimes
597 2805 686 2866 posse
714 2788 865 2870 sulficere,
893 2796 926 2848 ut
954 2790 1018 2848 sine
1042 2786 1132 2848 mole·

119 2879 174 2938 stia
193 2878 366 2956 accipiatur,
385 2883 474 2955 atque
493 2895 529 2936 ex
548 2894 583 2936 eo
603 2877 796 2938 medicamine
815 2895 901 2937 mane
919 2884 949 2937 et
963 2895 1031 2937 sero
1046 2885 1131 2938 terna
1146 2895 1175 2934 so

118 2965 255 3027 cocliaria
279 2983 388 3026 sumes.

65 3065 100 3115 20
207 3053 351 3115 Marrubii
374 3053 548 3114 fasciculum
573 3053 683 3115 bonum
706 3057 736 3114 in
761 3072 853 3133 aquae
880 3055 986 3132 congio
1009 3053 1046 3113 ad
1069 3071 1131 3114 me·

118 3142 181 3203 dias
209 3143 343 3222 decoque
376 3151 406 3202 et
436 3161 471 3202 ex
502 3160 536 3201 ea
567 3161 642 3221 aqua
672 3143 787 3202 adiecto
819 3141 915 3202 mellis
948 3141 1131 3221 aliquantulo

117 3232 237 3291 ieiunus
265 3230 386 3291 cottidie
415 3229 547 3307 singulos
574 3230 709 3310 cyathos,
740 3231 834 3291 donee
863 3233 974 3291 tussire
1002 3231 1132 3305 desinas,

190 3364 356 3432 ldeooque.
432 3361 516 3416 melle
535 3363 631 3417 dicias.
708 3364 946 3420 tterebintinem
1027 3370 1061 3419 19
1081 3363 1131 3418 ad-

117 3433 258 3557 (Ιοτῃιὶᾳεὲ
271 3432 430 3516 οϋάοζωὶαε
451 3433 610 3515 (derisorius.
675 3441 707 3489 21
727 3435 831 3490 radicis
899 3442 933 3490 26
954 3436 1035 3490 bonis
1054 3436 1129 3504 (sio)=

111 3504 214 3570 optram
256 3519 394 3558 ornamus.
468 3510 501 3560 32
520 3503 692 3562 fasoreolum.
