2438 3802
485 109 729 176 -248-

100 284 267 354 temperare
291 272 392 354 debet,
421 272 501 333 unde
527 274 587 332 sint
610 280 672 332 tres
697 274 847 351 potiones,
875 275 915 333 ita
938 282 973 334 ut
996 292 1015 333 a
1041 274 1119 336 nulle

99 363 156 424 alio
180 381 268 442 quam
293 361 329 423 ab
353 381 397 442 eo,
423 363 474 440 qui
499 361 623 421 daturus
648 369 703 441 est,
726 360 818 421 herba
841 360 890 421 illa
914 361 959 422 vel
983 365 1073 440 potio
1095 371 1125 425 et

99 452 135 513 ab
155 470 200 533 eo,
219 449 271 530 qui
291 459 470 530 accepturus
490 460 545 525 est,
565 457 711 528 tangatur.
749 449 828 510 llaec
849 453 899 528 qui
918 449 995 511 hene
1015 450 1125 513 obser-

98 543 220 620 vaverit,
243 543 352 601 mirum
376 537 542 599 remedium
565 540 704 600 inveniet.

46 641 79 689 12
188 630 232 689 ln
262 645 351 690 coxae
380 625 512 688 subitum
541 635 694 706 stuporem
719 626 765 686 vel
793 627 938 688 dolorem:
970 628 1143 691 hironitrit

99 719 180 798 -Ι,
200 719 318 796 senapis
342 714 417 795 -1,
436 717 548 794 piperis
570 717 753 776 semunciam
772 723 852 776 teres
872 725 902 776 et
921 718 992 777 trita
1010 720 1126 779 misce·

99 806 154 886 his,
178 813 212 865 ut
235 805 388 883 pulverem
411 804 510 884 iacias,
535 812 565 864 et
587 805 617 864 in
642 803 748 864 balneo
772 804 879 886 locum,
907 804 943 864 de
968 824 1028 884 quo
1050 825 1126 886 que-

100 896 187 973 reris,
209 892 394 971 perfricabis.

48 993 81 1042 13
190 981 364 1042 Remedium
388 981 424 1041 ad
448 983 579 1041 nesciam
599 982 656 1042 sic:
679 979 805 1059 Colliges
823 980 955 1062 herbam,
980 1000 1058 1060 quae
1079 985 1125 1045 di·-

57 1142 64 1151 ,
102 1072 181 1132 citur
204 1070 387 1150 Britannice,
411 1070 459 1130 die
483 1069 559 1130 lovis
583 1079 683 1129 vetere
706 1069 775 1129 luna
800 1079 830 1130 et
852 1069 967 1150 liduna,
991 1073 1125 1135 siccabis
1139 1090 1164 1130 ro

102 1170 132 1220 et
155 1177 292 1238 repones,
316 1161 384 1238 quia
409 1158 507 1219 hieme
531 1177 591 1219 non
615 1165 746 1236 apparet,
769 1176 838 1218 narn
860 1167 890 1218 et
909 1159 1011 1219 viridis
1030 1162 1125 1238 prod-

102 1257 161 1329 est,
190 1257 270 1308 teres
299 1248 374 1308 hanc
403 1267 471 1309 cum
501 1247 597 1308 tribus
625 1247 725 1324 granis
754 1246 823 1306 salis
851 1255 882 1307 et
909 1265 978 1307 cum
1005 1251 1124 1328 piperis

102 1339 202 1417 granis
228 1339 360 1416 quinque
384 1345 435 1397 aut
459 1345 587 1416 sepiem,
615 1333 705 1394 addes
733 1344 762 1394 et
789 1334 910 1414 plenum
934 1337 1047 1414 grande
1073 1357 1123 1399 co·

103 1426 200 1486 cleare
224 1425 321 1484 mellis
345 1433 375 1485 et
397 1427 459 1484 vini
482 1426 632 1502 potionem
656 1421 764 1483 honam
783 1431 813 1483 et
832 1426 858 1484 si
876 1424 1006 1486 volueris
1025 1428 1123 1487 modi·

103 1533 172 1575 cum
192 1514 303 1574 calidae
322 1531 415 1590 aquae
435 1511 545 1572 adicies
564 1520 595 1572 et
613 1514 656 1572 sic
674 1511 836 1572 bibendum
855 1513 953 1592 dabis;
972 1513 1025 1573 sed
1042 1515 1124 1577 hanc
1138 1529 1164 1572 ιο

102 1603 226 1664 herbam
241 1611 296 1680 ter,
311 1602 382 1662 dum
397 1610 491 1680 teneS,
505 1609 664 1679 antequam
678 1600 809 1680 colligas,
823 1611 1016 1680 praecantare
1027 1603 1124 1666 debes

103 1694 161 1752 sic:
185 1689 309 1751 Terram
328 1698 425 1770 teneo,
448 1688 571 1748 herbam
590 1688 665 1768 lego,
688 1691 718 1748 in
739 1691 859 1751 nomine
878 1689 999 1768 Christi,
1022 1696 1125 1772 prosit

103 1781 138 1841 ad
169 1780 247 1859 quod
276 1787 305 1839 te
334 1778 448 1858 colligo.
489 1776 714 1838 Medicinalibus
737 1778 838 1857 digitis
862 1797 925 1839 eam
950 1781 1014 1840 sine
1039 1782 1124 1844 lerro
1218 1801 1219 1852 l

102 1869 256 1949 praecides
280 1875 331 1928 aut
355 1866 471 1928 evelles

51 1968 86 2016 14
194 1957 236 2017 Ad
252 1959 382 2018 nesciam
397 1956 434 2017 de
449 1958 653 2036 experimento
668 1955 834 2016 remedium
848 1957 905 2016 sic:
920 1956 1012 2016 Radix
1024 1957 1124 2038 bugil-
1138 1973 1163 2014 no

106 2045 183 2106 lonis
204 2049 267 2106 sine
287 2047 366 2108 ferro
386 2045 535 2124 colligitur
553 2044 599 2104 vel
618 2047 736 2105 eruitur
754 2045 821 2122 palo
840 2054 940 2125 acuto;
958 2045 1032 2106 haec
1051 2055 1124 2109 tun-

105 2136 188 2196 ditur
211 2137 242 2195 in
266 2136 324 2213 pila
348 2135 393 2195 vel
416 2137 526 2195 teritur
549 2137 579 2193 in
604 2135 744 2194 mortario
768 2144 799 2193 et
822 2152 912 2194 sucus
936 2137 1000 2195 eius
1023 2141 1124 2215 expri-

106 2226 206 2303 mitur,
230 2226 269 2283 ita
294 2226 380 2283 utin
404 2241 476 2283 suco
500 2241 535 2282 eo
560 2223 599 2282 sit
623 2221 668 2281 vel
691 2224 874 2303 quartarius3
897 2221 1004 2284 deinde
1028 2242 1125 2302 grana

106 2313 220 2390 piperis
245 2310 321 2370 XXV
345 2319 485 2371 teruntur
509 2317 538 2369 et
561 2309 658 2369 mellis
682 2309 756 2369 libra
780 2310 908 2371 adicitur
931 2330 964 2372 ac
989 2313 1050 2373 vini
1073 2333 1124 2375 ve·

107 2401 182 2458 teris
211 2401 366 2458 sextarius.
407 2397 487 2457 llaec
514 2399 611 2457 omnia
640 2416 707 2458 cum
736 2416 808 2458 suco
833 2416 923 2478 snpra
947 2401 1059 2479 scripto
1084 2403 1122 2464 ad
1137 2415 1163 2457 so

106 2486 227 2546 modum
252 2485 364 2546 conditi
387 2487 606 2564 permiscentur
630 2495 660 2546 et
683 2484 829 2548 laboranti
852 2490 881 2547 in
905 2487 1025 2570 balneo,
1051 2507 1124 2552 cum

106 2577 164 2634 iam
188 2592 282 2653 prope
305 2574 400 2634 lassus
424 2574 527 2655 luerit,
552 2574 762 2654 pertriduum
787 2576 915 2654 potanda
938 2579 967 2637 in
992 2577 1124 2640 caldaria

108 2662 204 2724 tribus
228 2662 399 2742 potionibus
423 2662 540 2742 dantur,
563 2665 638 2724 mire
660 2663 803 2744 proderit.

67 2764 87 2811 ,5
198 2751 365 2832 Descriptio
386 2754 480 2813 ceroti
499 2751 660 2835 chalastici,
679 2753 757 2833 quod
775 2754 845 2814 lacit
859 2753 894 2814 ad
910 2771 1012 2814 omnes
1026 2757 1123 2817 totius

108 2843 243 2921 corporis
267 2841 393 2924 dolores,
416 2843 576 2922 praecipue
599 2843 635 2903 ad
660 2845 850 2903 contusiones
868 2841 1071 2903 membrorum
1091 2853 1164 2906 eto

107 2948 268 2992 nervorum
287 2932 474 2992 infirmitates
493 2939 524 2992 et
543 2931 577 2992 ad
598 2932 742 2993 stomachi
762 2931 902 2994 dolorem.
936 2929 1055 3010 Insigne
1075 2942 1124 2994 est

108 3028 189 3080 certe
218 3022 355 3101 inprimis
383 3021 418 3081 ad
447 3019 616 3081 lumborum
645 3029 676 3082 et
698 3022 814 3080 renium
843 3019 974 3100 dolores,
1000 3021 1122 3082 coniici-

108 3116 159 3167 tur
188 3119 286 3170 vetere
316 3110 383 3170 luna
413 3117 444 3170 et
471 3109 570 3169 liduna
599 3127 614 3169 a
643 3126 745 3169 mense
774 3107 878 3167 lllartio
906 3111 937 3167 in
966 3109 1123 3187 quodlibet

108 3205 226 3276 tempus
240 3200 393 3276 aestivum,
408 3199 515 3275 recipit
528 3196 614 3258 haec:
632 3196 726 3256 Flomi
740 3195 854 3275 libram,
868 3195 978 3257 herbae
994 3196 1122 3259 Sabinae

197 3400 369 3471 oscenapis.
442 3400 561 3470 peperis.
635 3399 807 3468 lquoereri.
872 3408 904 3457 10
923 3403 1121 3462 brittannicae.

114 3478 140 3525 tl
160 3472 317 3542 collegitur.
390 3477 424 3524 32
443 3471 564 3541 renium]
582 3469 745 3526 remedium.
