2438 3802
524 151 742 216 -62-

129 315 214 376 dicus
243 315 359 375 adicere
388 314 493 375 solitus
522 323 586 376 erat
613 317 702 375 etiam
731 315 941 394 mandragorae
971 319 1036 377 suci
1066 351 1104 360 -
1129 318 1142 378 Ι

128 413 159 464 11
186 404 303 464 lentisci
331 405 397 463 suci
421 403 498 463 -1
533 422 567 465 ac
595 402 701 464 deinde
732 406 888 482 permixtis
922 405 1061 466 omnihus
1084 407 1142 467 lor·

128 510 209 553 mare
233 491 353 572 collyria
377 491 422 551 vel
444 492 577 571 pastillos
601 495 706 553 autin
731 511 780 553 vas
804 501 959 571 stagneum
977 495 1142 556 recondere

129 591 158 642 et
177 600 244 641 cum
264 599 339 660 opus
359 588 439 640 esset
459 583 502 640 uti
520 581 556 641 ad
575 583 800 660 inunguendum
817 582 863 642 vel
877 582 1141 661 superliniendum.

91 687 108 737 1
127 669 181 730 Est
199 669 371 730 huiusmodi
389 669 647 750 medicamentum,
670 670 749 749 quod
771 670 1017 748 perichristarion
1036 682 1168 734 vocante

127 759 245 839 Gracci,
270 758 348 838 quod
371 756 621 818 medicamentum
645 761 716 819 satis
740 759 845 819 efficax
868 769 927 841 cst,
951 779 1009 839 quo
1033 763 1073 821 lta
1097 765 1142 822 uti

128 857 254 928 oportet,
274 855 307 908 ut
326 846 483 926 palpebrae
504 847 653 926 suptiliter
671 846 741 907 inde
761 847 992 929 superlinantur,
1013 869 1049 910 ne
1069 852 1141 929 quid

126 939 204 999 intra
223 936 343 996 oculum
362 935 442 996 lluat.
479 935 597 1015 Recipit
615 944 713 996 autem
730 936 815 997 haec:
839 936 925 997 Croci
946 937 1038 998 Siculi
1051 938 1077 997 X
1092 939 1141 1019 ΙΙΙ,

126 1043 258 1102 magmas
282 1027 363 1085 croci
386 1022 412 1083 X
436 1023 503 1100 XII,
526 1027 602 1085 turis
626 1024 651 1084 X
670 1024 724 1104 ΙΙΙ,
747 1025 886 1085 aluminis
909 1026 1030 1086 rotundi
1049 1026 1075 1085 X
1094 1026 1139 1105 Vl,

126 1116 176 1192 opi
198 1113 224 1172 X
247 1113 287 1196 ΙΙ,
311 1132 426 1194 myrrae
449 1112 476 1173 X
498 1113 538 1193 ll,
565 1115 691 1174 cummis
713 1112 739 1172 X
760 1112 808 1173 111.
854 1112 898 1174 Er
922 1117 989 1174 vino
1014 1114 1138 1175 Falerno
1154 1130 1179 1169 10

125 1211 265 1263 teruntur
297 1202 369 1262 haec
402 1201 448 1262 vel
476 1209 676 1282 asperguntur
703 1210 733 1262 et
761 1221 830 1262 cum
858 1201 933 1263 bene
961 1203 1035 1263 levia
1063 1203 1140 1264 lacta

126 1301 204 1372 suut,
223 1291 259 1352 ad
280 1291 507 1352 crassitudinem
522 1291 593 1352 boni
612 1290 707 1352 mellis
722 1293 898 1372 spissantur,
918 1292 1044 1352 adicitur
1059 1301 1138 1370 post·

126 1399 159 1441 ea
191 1383 271 1460 passi
304 1377 415 1441 Cretici
447 1379 472 1439 X
505 1379 518 1440 Ι
555 1389 584 1440 11
616 1382 772 1460 reponitur
804 1382 835 1439 in
868 1381 973 1461 pyxide
1009 1390 1139 1459 stagnea.

125 1469 200 1530 Cum
228 1471 307 1530 enim
335 1487 456 1548 passum
483 1469 631 1530 adiectum
660 1469 764 1549 fuerit,
792 1468 947 1549 collyrium
971 1471 1041 1550 erit3
1071 1489 1138 1530 nam

72 1574 104 1623 10
124 1576 160 1618 ex
187 1561 253 1637 ipso
282 1557 427 1636 superlini
455 1557 551 1618 debet.
597 1557 677 1617 Beue
705 1557 775 1618 lacit
803 1558 858 1618 hoc
888 1558 1136 1619 medicamentum
1152 1574 1177 1614 aa

124 1647 160 1707 ad
184 1646 411 1725 superlinendos
433 1645 543 1726 oculos,
568 1664 626 1724 quo
645 1646 797 1724 Augustus
817 1665 890 1707 usus
911 1656 969 1708 est:
993 1647 1137 1708 Aluminis

124 1737 187 1796 fissi
205 1734 231 1795 X
251 1733 310 1814 XL,
334 1736 409 1795 curlo
428 1733 454 1794 X
473 1733 507 1815 X,
531 1734 609 1794 aloes
629 1733 655 1794 X
675 1733 733 1816 XV,
757 1737 838 1796 croci
857 1734 883 1795 X
902 1735 961 1816 XV,
985 1738 1034 1815 opi
1053 1735 1078 1796 X
1102 1736 1136 1815 ll,

123 1823 215 1902 gallae
236 1823 260 1883 X
280 1822 315 1903 X,
339 1841 424 1883 rosae
444 1823 582 1884 loliorum
601 1823 752 1884 aridorum
770 1822 796 1883 X
815 1823 850 1903 X,
874 1824 1052 1903 plantaginis
1072 1829 1137 1885 sarci

123 1911 169 1973 vel
197 1914 319 1973 seminis
346 1910 372 1971 X
396 1911 430 1974 X.
477 1911 520 1972 Ex
552 1914 621 1973 vino
654 1911 779 1972 Falerno
812 1919 952 1973 teruntur
984 1913 1057 1973 haec
1091 1912 1136 1973 vel

123 2011 323 2082 asperguntur
350 2012 379 2062 et
407 2021 474 2063 cum
500 2002 574 2062 levia
597 2002 673 2062 facta
698 2010 767 2061 sunt
789 2019 823 2061 ac
849 2001 945 2062 mellis
969 2003 1175 2081 spissitudi-ao

122 2110 189 2152 nem
214 2091 332 2172 habeut,
356 2091 482 2152 adicitur
505 2091 552 2152 his
575 2093 655 2171 passi
679 2091 825 2150 sextarius
844 2090 890 2150 vel
910 2091 987 2169 quod
1008 2090 1136 2150 sufficiat

71 2193 102 2242 11
123 2190 153 2241 et
187 2183 343 2260 reponitur
375 2182 405 2240 in
438 2199 507 2241 vaso
540 2187 661 2258 stagneo
693 2179 739 2239 vel
772 2188 920 2258 argenteo.
975 2178 1135 2256 Collyrium

122 2271 240 2348 nigrum
269 2269 304 2330 ab
333 2270 480 2346 Antigono
509 2276 660 2347 repertum
694 2266 729 2327 ad
759 2270 855 2328 omnia
884 2269 994 2328 intacta
1022 2267 1133 2326 iaciens

122 2359 242 2436 accipit:
280 2356 416 2416 Cadmiae
444 2357 469 2416 X
498 2355 603 2416 XXXV
632 2355 665 2435 S,
696 2354 781 2416 stibis
813 2356 838 2416 X
867 2354 989 2434 XXllll,
1021 2357 1134 2434 piperis

121 2444 147 2504 X
166 2443 243 2526 Vlll,
268 2446 417 2521 aeruginis
441 2463 524 2505 rasae
547 2444 573 2504 X
590 2443 667 2524 Vlll,
692 2446 817 2504 cummis
836 2443 862 2504 X
881 2443 1002 2527 XXllll,
1025 2447 1134 2505 teritur
1148 2459 1175 2500 aa

121 2551 157 2593 ex
181 2551 256 2612 aqua
279 2531 436 2612 pluvialica
460 2541 547 2612 atque
572 2534 737 2593 conficitur.
784 2533 908 2594 Cosmus
934 2533 1042 2594 adiecit
1065 2533 1135 2593 huic

121 2620 242 2701 collyrio
271 2628 447 2682 centaureae
475 2623 574 2682 tenuis
603 2623 666 2682 suci
689 2621 715 2681 X
739 2620 777 2701 X,
806 2623 886 2701 quod
914 2631 995 2683 recte
1024 2622 1134 2682 lactum

70 2724 101 2774 12
122 2729 198 2771 reor.
245 2709 413 2791 Collyrium,
437 2710 515 2790 quod
539 2711 574 2771 ad
599 2728 716 2770 omnem
741 2710 912 2789 epiphoram
937 2721 966 2770 et
989 2711 1134 2789 inquieta·

120 2802 232 2860 tionem
260 2807 290 2860 et
317 2807 464 2860 tumorem
494 2799 563 2860 lacit
591 2799 754 2860 sedandum
782 2801 845 2859 sine
874 2799 986 2877 dolore,
1026 2800 1135 2877 accipit

120 2888 206 2950 haec:
236 2887 443 2969 Pompholygis
467 2887 492 2948 X
517 2887 594 2971 Vlll,
618 2890 732 2950 cicutae
756 2890 821 2949 suci
844 2889 927 2967 aridi,
951 2889 981 2948 id
1006 2896 1052 2949 est
1075 2891 1131 2949 sio·
1146 2903 1173 2944 ao

120 2980 186 3058 cati,
209 2977 235 3038 X
258 2977 308 3059 Vl,
332 2980 382 3058 opi
405 2978 431 3039 X
454 2977 520 3060 llll,
544 2979 755 3057 mandragorae
780 2979 844 3037 suci
867 2977 943 3037 aridi
968 2977 1044 3056 XV,
1068 2997 1132 3038 aca-

120 3070 182 3128 ciae
202 3067 227 3127 X
247 3067 296 3146 Vl,
323 3069 448 3128 cummis
467 3066 493 3127 X
512 3067 543 3146 V,
566 3069 675 3128 teritur
698 3085 734 3126 ex
758 3065 907 3126 coriandri
931 3069 1028 3126 teneri
1052 3085 1134 3128 suco.

119 3154 182 3217 Hoc
211 3156 365 3235 collyrium
393 3157 515 3234 prodest
538 3159 625 3215 etlam
650 3164 732 3215 extra
756 3153 857 3214 oculos
880 3163 1073 3235 perunctum,
1104 3156 1134 3215 id

68 3256 99 3304 13
120 3253 166 3304 est
189 3245 398 3306 circumlitum.
430 3243 591 3324 Collyrium
605 3243 641 3303 ab
656 3242 827 3322 Asclepiade
843 3241 878 3302 ad
894 3243 1053 3321 epiphoras
1068 3263 1133 3322 spe-

190 3447 369 3517 apostolos.
416 3447 518 3570 urguo]
538 3448 621 3515 quod.
673 3448 818 3516 Srecepil.
870 3447 963 3503 Sicoli.
1021 3453 1133 3500 21111-

116 3517 250 3572 beticae.
324 3524 358 3572 29
378 3517 436 3572 sine
475 3517 581 3573 olorem
598 3519 669 3588 (cic).
