2438 3802
507 160 745 223 -370-

118 323 265 385 avellanae
294 322 527 401 magnitudinem
555 341 591 382 ex
620 321 737 382 duobus
766 321 879 401 cyathis
903 339 1001 399 aquae
1027 320 1138 382 calidae

120 413 212 494 dahis,
237 415 425 490 componitur
449 414 504 472 sic:
533 410 710 471 Petroselini
734 410 889 470 drachmas
912 409 954 490 11,
981 411 1139 470 centaurei

119 502 275 563 drachmas
298 500 337 580 ΙΙ,
360 499 504 560 marrubii
532 498 702 559 drachmam
725 498 751 578 1,
780 498 889 559 scordii
917 497 1096 559 drachmam
1118 497 1138 558 l.

118 591 240 652 Tundes
263 590 336 649 haec
360 597 390 647 et
413 587 558 647 cribrahis
582 596 612 648 et
636 589 667 647 in
686 587 839 666 pulverem
859 588 1077 647 tenuissimum
1096 605 1139 647 re·

119 680 203 740 decta
232 679 405 755 despumato
434 674 520 735 melle
548 675 682 756 colliges,
714 684 748 736 ut
781 678 911 754 spissum
940 677 981 735 sit
1010 676 1161 736 medica-e
1213 680 1215 687 '

120 776 263 846 mentum,
287 772 317 824 et
340 763 493 823 recondes.

69 871 101 919 17
210 854 254 912 Ad
282 852 442 930 podagram
471 851 601 912 subitum
631 861 661 912 et
684 852 769 913 facile
793 851 958 912 remedium
982 853 1045 913 sic:
1073 852 1139 912 Alu-

120 960 187 1002 men
195 988 204 1021 ‚
238 949 369 1014 acetum,
402 939 506 1001 lotium
539 941 701 1001 humanum
733 948 818 1002 vetus
850 942 954 1018 aequis
987 943 1139 1001 mensuris

120 1033 267 1109 permisce
296 1037 385 1108 atque
413 1029 487 1089 adde
516 1047 601 1090 cerae
625 1029 655 1089 P.
675 1029 700 1110 l,
729 1031 790 1108 opii
811 1062 856 1071 -
874 1027 900 1110 1,
927 1028 1016 1089 lactis
1042 1031 1139 1090 canini

122 1121 240 1181 [inciam
259 1117 281 1199 Ι,
304 1136 389 1178 rosae
414 1120 510 1178 siccae
534 1120 651 1178 unciam
670 1118 691 1178 Ι.
731 1117 838 1196 Opium
863 1125 893 1178 et
914 1117 960 1177 lac
984 1125 1017 1177 et
1041 1135 1140 1178 rosam
1151 1131 1171 1172 1⁰

122 1216 202 1268 teres
226 1210 257 1267 in
280 1207 435 1286 mortario,
459 1224 558 1267 ceram
582 1225 652 1266 vero
676 1206 848 1285 liquefacies
872 1213 903 1266 et
925 1205 1017 1266 simul
1043 1208 1140 1267 omnia

122 1295 317 1376 permiscehis
349 1303 438 1374 atque
466 1295 534 1354 inde
562 1295 653 1373 pedes
681 1295 789 1355 inlines
817 1302 848 1354 et
875 1293 943 1355 lolia
972 1294 1063 1356 hetae
1091 1303 1141 1356 aut

122 1386 255 1445 lactucae
280 1385 409 1461 desuper
432 1383 573 1461 alligabis,

70 1487 103 1536 18
211 1473 255 1532 hd
279 1472 425 1550 podagrae
450 1471 583 1531 subitum
602 1471 734 1531 dolorem
753 1471 919 1532 remedium
938 1473 996 1532 sic:
1021 1471 1139 1532 Caleem

123 1563 220 1622 denno
239 1579 351 1639 coques
371 1567 401 1619 et
419 1567 499 1619 teres
518 1561 688 1638 adiciesque
707 1578 848 1639 oesypum
868 1569 898 1620 et
916 1578 1016 1619 rosam
1038 1562 1139 1621 tritam
1152 1574 1173 1615 1⁶

123 1657 153 1710 et
176 1650 212 1710 de
231 1651 391 1728 permixtis
414 1648 505 1726 pedes
529 1667 710 1727 perungues.

71 1752 103 1800 19
212 1736 327 1798 Phlomi
350 1739 452 1798 uncias
474 1744 545 1816 tres,
568 1739 691 1797 rumicis
711 1739 814 1797 uncias
833 1744 904 1817 treS,
927 1735 1015 1796 ihisoi
1036 1739 1141 1798 uncias

123 1835 194 1906 tres,
212 1825 384 1906 cyclaminis
402 1828 505 1886 uncias
525 1835 595 1904 treS,
614 1844 730 1904 myrrae
750 1835 854 1903 tunsae
874 1826 991 1884 unciam
1007 1823 1030 1885 l.
1056 1825 1141 1884 Phio

124 1933 205 1975 mum
232 1915 325 1974 moles
353 1923 383 1974 et
407 1915 501 1994 dices,
530 1914 669 1993 quamdiu
698 1913 804 1975 moles:
833 1913 988 1973 Summum
1013 1913 1140 1994 caelum,

123 2005 181 2063 ima
192 2011 280 2082 terra,
296 2003 424 2063 medium
440 2003 695 2063 medicamentum.
715 2002 827 2062 Deinde
843 2001 931 2062 simul
941 2003 1042 2061 omnia
1055 2009 1140 2063 cocta
1152 2016 1173 2055 2⁰

125 2091 235 2152 colabis
259 2100 288 2151 et
312 2111 348 2151 ex
371 2091 418 2151 his
441 2093 532 2170 pedes
556 2110 624 2152 cum
641 2109 723 2170 opus
746 2091 837 2151 fuerit
862 2089 1049 2170 periricahis.

70 2193 105 2242 20
216 2180 259 2240 Ad
287 2180 446 2258 podagram
475 2181 638 2241 remedium
667 2180 704 2240 de
732 2181 935 2258 experimento
959 2181 1015 2238 sic:
1051 2179 1140 2258 Sper·

125 2270 249 2328 maticae
274 2268 428 2328 drachmas
457 2277 609 2348 quattuor,
637 2268 690 2328 lini
717 2269 840 2328 seminis
868 2266 1025 2327 drachmas
1056 2276 1140 2346 quat·

125 2365 208 2434 tuor,
236 2373 343 2414 erucae
373 2358 495 2416 seminis
523 2357 678 2416 drachmas
707 2363 859 2435 quattuor,
888 2355 1010 2415 schoeni
1034 2355 1141 2415 drach-

126 2460 188 2502 mas
207 2441 247 2521 11,
278 2444 407 2501 castorei
430 2443 583 2502 drachmas
602 2443 641 2523 ΙΙ,
671 2463 786 2523 myrrae
810 2443 965 2504 drachmas
984 2442 1024 2521 ll,
1054 2442 1139 2503 nardi
1152 2457 1175 2498 ee

126 2531 224 2607 spicae
249 2528 404 2588 drachmas
424 2530 463 2611 11,
492 2533 619 2609 gummis
642 2531 809 2611 Aethiopici
832 2531 986 2592 drachmas
1006 2530 1046 2611 ll,
1072 2531 1142 2592 salis

127 2617 281 2677 drachmas
309 2615 349 2697 11,
382 2619 493 2697 piperis
523 2619 604 2697 longi
631 2619 800 2681 drachmam
828 2638 930 2701 unam,
963 2619 1140 2680 nucleorum

125 2709 282 2788 pineorum
302 2706 457 2768 drachmas
476 2707 549 2788 Vlll‚
573 2711 720 2769 satureiae
739 2709 894 2770 drachmas
914 2726 1027 2768 novem.
1061 2707 1140 2768 Haec

126 2799 224 2857 omnia
246 2805 334 2857 tunsa
358 2796 487 2858 cribrata
511 2806 541 2858 et
563 2799 593 2857 in
617 2797 770 2876 pulverem
790 2800 1000 2858 tenuissimum
1019 2797 1141 2858 redacta

126 2888 255 2965 tritaque
275 2888 305 2945 in
326 2904 417 2946 unum
437 2887 630 2965 permiseehis
650 2897 733 2947 etex
753 2905 788 2946 eo
808 2886 978 2946 drachmam
997 2904 1090 2946 unam
1105 2884 1140 2945 ad
1153 2900 1177 2941 to

127 2976 204 3035 diem
228 2977 328 3035 ieiuno
351 2977 382 3034 in
405 2979 525 3052 potione
549 2995 584 3035 ex
607 2978 668 3035 vini
692 2974 797 3054 cyatho
821 2982 981 3054 temperata
1007 2973 1101 3035 dahis.

73 3075 107 3123 21
217 3063 357 3122 Samhuci
376 3062 453 3141 lolia,
473 3082 539 3123 cum
560 3066 687 3142 primum
707 3061 882 3142 procedunt,
902 3062 937 3122 ad
956 3061 1063 3123 lihram
1084 3061 1143 3123 col·

126 3151 200 3229 liges
224 3159 253 3210 et
277 3160 370 3230 tereS,
398 3151 575 3230 plantaginis
599 3170 717 3230 quoque
740 3151 870 3210 radicem
894 3150 929 3210 ad
953 3151 1059 3211 libram
1084 3150 1142 3212 col-

127 3239 201 3316 liges
225 3247 255 3298 et
278 3239 444 3299 contundes
468 3248 498 3300 et
521 3242 665 3317 axungiae
688 3241 797 3300 veteris
821 3239 927 3299 libram
949 3239 1094 3317 purgabis
1114 3247 1144 3300 et

120 3326 289 3390 contundes
317 3334 346 3389 et
369 3335 474 3410 postea
493 3328 584 3390 simul
601 3331 702 3389 omnia
717 3328 837 3406 suhiges
856 3336 944 3406 atque
963 3327 1032 3388 inde
1050 3329 1143 3406 pedes
1156 3341 1180 3383 es

103 3417 221 3482 inlices
244 3429 277 3484 et
299 3421 397 3486 caulis
417 3421 530 3485 folium
550 3435 753 3502 superpones,
775 3415 935 3474 comissum
948 3430 1152 3486 massenne-

84 3507 234 3572 medium
262 3515 305 3578 ad
330 3515 510 3580 sedandam
537 3513 713 3595 podagram
737 3502 910 3584 expetiere·
