2438 3802
486 179 725 242 -341-

99 343 289 422 temptaverit
311 340 357 412 uel
381 342 438 400 iam
463 341 661 420 occupaverit,
685 339 835 400 Andronei
857 341 967 420 pastilli
990 345 1055 403 triti
1075 361 1112 404 ex

100 433 168 492 vino
192 431 323 510 impositi
345 429 421 489 hene
445 429 566 489 faciunt.

190 518 284 580 Omne
307 517 393 578 ulcus
416 519 448 578 in
471 519 552 577 omni
574 524 659 596 parte
682 519 817 595 corporis
841 517 1008 598 sordidum,
1033 519 1146 597 quoda

101 617 165 669 tum
188 606 313 685 intelligi
335 613 448 686 potest,
476 623 544 667 cum
569 605 705 666 candicat
728 612 758 666 et
782 608 865 684 quasi
891 614 1022 667 crustam
1046 625 1112 685 per·

74 719 87 760 c
103 697 221 757 ductam
245 694 339 756 albam
358 693 457 776 babet,
479 703 587 773 purgat
605 693 664 754 mel
682 712 736 773 per
755 712 786 754 se
806 695 975 774 adpositum
994 695 1039 754 vel
1058 697 1112 755 iris

102 785 183 846 arida
202 791 325 844 contusa
345 781 402 860 [ct]
423 800 491 844 cum
511 781 612 862 mcIIe;
631 782 734 843 eadem
751 785 866 844 ratione
887 793 918 844 et
931 792 1029 844 terrae
1043 783 1113 844 mali

101 882 131 933 et
162 875 281 952 panacis
313 870 396 932 radix
429 870 562 950 adposita
596 882 703 949 purgat
733 872 852 932 sordida
880 872 980 933 ulcera
1008 872 1054 932 vel
1081 875 1111 932 in

101 961 240 1022 verendIs
263 960 309 1021 vel
332 978 451 1038 quoquo
474 960 531 1019 Ioci
555 959 676 1020 fuerint.

189 1049 313 1110 Mirifice
341 1048 397 1108 hoc
420 1047 669 1109 medicamentum
697 1057 804 1128 purgat
830 1049 931 1110 ulcera
956 1049 1148 1129 quaelibet,4

62 1163 88 1202 ro
103 1141 190 1200 etiam
219 1141 245 1198 si
274 1155 381 1198 cancer
408 1139 609 1216 temptaverit3
640 1143 686 1196 est
716 1145 814 1197 autem
843 1137 923 1210 lene,
954 1138 1111 1198 conficitur

102 1229 158 1288 sic:
182 1227 400 1303 huripigmenti
424 1223 512 1306 XVI,
537 1227 614 1285 aeris
637 1243 776 1304 squamae
795 1224 821 1284 X
840 1223 889 1303 III,
913 1223 1028 1285 elaterii
1047 1224 1112 1305 III,

103 1315 221 1375 chartae
245 1313 417 1374 combustae
440 1315 549 1374 cineris
573 1312 666 1373 XIII.
704 1312 747 1372 Ex
771 1312 818 1372 his
842 1314 921 1373 tritis
945 1331 1013 1373 cum
1037 1331 1112 1391 opus

103 1410 149 1463 est
182 1400 326 1462 coclearia
356 1404 411 1462 tria
440 1419 525 1462 rosae
555 1401 660 1481 cyatho
688 1403 907 1481 permiscentur
935 1409 966 1461 et
993 1400 1113 1462 linteola

103 1498 204 1570 carpta
236 1492 267 1550 in
300 1508 335 1550 eo
363 1492 520 1568 tinguntur
547 1498 636 1568 atque
664 1492 705 1550 ita
733 1489 827 1551 ulceri
856 1496 1113 1570 superponuntur,

63 1603 88 1644 n
102 1580 159 1640 hoc
179 1579 426 1640 medicamentum
446 1580 504 1640 cito
524 1588 554 1640 et
572 1580 637 1639 siue
655 1578 716 1639 ullo
735 1597 838 1639 morsu
858 1588 1002 1658 expurgat
1021 1578 1114 1639 sordi-

104 1669 224 1729 dissima
248 1667 348 1729 ulcera
372 1686 405 1728 ac
430 1676 521 1728 sanat.

192 1756 340 1836 Testibus,
361 1757 413 1835 qui
431 1755 649 1835 descenderint,
669 1773 803 1834 spumam
819 1755 986 1816 coclearum
1000 1755 1114 1816 Inlitam
1133 1767 1149 1816 o

103 1843 217 1904 mederi
240 1851 356 1904 certum
380 1851 435 1925 est,
458 1846 484 1903 si
506 1843 575 1904 inde
599 1851 766 1922 tangantur.

193 1930 339 1992 Venerem
367 1933 516 1992 concitant
544 1950 680 2010 passeres
709 1933 741 1991 in
765 1931 831 1992 cibo
856 1935 966 2011 sumpti
993 1931 1039 1992 vel
1062 1946 1150 1994 ovao

64 2043 90 2082 so
105 2037 222 2099 eorum3
241 2022 312 2079 item
332 2018 510 2098 gallinaceus
529 2022 614 2080 testis
633 2021 737 2081 dexter
755 2021 785 2080 In
807 2022 931 2080 arietina
950 2019 1025 2099 pelle
1040 2021 1115 2081 collo

105 2107 269 2186 subligatus
294 2109 368 2167 mire
392 2107 527 2188 prodest3
550 2109 621 2168 item
644 2108 789 2170 stellionis
808 2110 883 2168 cinis
903 2111 934 2168 in
952 2108 1043 2170 linteo
1064 2109 1114 2169 ob·

104 2197 222 2258 volutus
251 2197 371 2256 sinistra
397 2213 487 2256 manu
515 2203 651 2275 portatus
679 2215 818 2258 venerem
846 2196 990 2277 stimulat,
1020 2206 1115 2258 trans·

102 2286 180 2347 latus
208 2285 331 2346 inhibet.
378 2283 436 2356 Qui
463 2287 494 2346 in
522 2303 660 2346 venerem
687 2286 834 2346 infirmior
861 2288 931 2367 crit,
959 2287 1150 2347 testiculost

103 2375 232 2435 milionis
256 2393 291 2434 ex
315 2393 391 2454 aqua
417 2374 548 2454 fontana,
577 2393 652 2454 quae
680 2376 821 2454 perennis
850 2383 908 2457 cst,
938 2393 1006 2436 cum
1029 2376 1115 2437 melle

63 2482 88 2525 ec
103 2463 242 2525 decoctos
271 2464 338 2525 edat
365 2464 484 2526 ieiunus
512 2481 566 2543 per
594 2464 741 2545 triduum3
770 2466 869 2525 statim
893 2465 1116 2526 remediahitur.

191 2552 230 2613 Ut
252 2555 284 2613 in
306 2571 455 2633 venerem,
478 2571 546 2614 cum
571 2552 709 2632 volueris,
734 2555 775 2613 sis
798 2561 928 2634 paratus,
952 2555 1116 2615 remedium
1136 2565 1152 2614 8

103 2641 160 2702 tale
176 2641 280 2701 iacies:
298 2641 416 2701 Lacerti
430 2641 616 2720 appellantur
631 2644 693 2701 sive
708 2640 868 2721 stelliones,
888 2644 939 2718 qui
954 2661 1008 2720 per
1022 2645 1117 2721 parie-

103 2737 165 2788 tem
188 2736 311 2807 repunt,
340 2730 419 2787 curti
442 2735 512 2787 sunt
536 2729 646 2804 quique
669 2727 780 2787 Graece
804 2727 988 2788 ascalabotae
1012 2748 1116 2791 vocan-

105 2821 168 2893 tur3
197 2813 229 2871 hi
258 2820 399 2891 quattuor
426 2813 627 2873 infunduntur
655 2816 685 2872 in
716 2823 832 2874 acetum
856 2832 924 2874 acre
948 2815 1048 2876 triduo
1072 2815 1118 2874 vei

64 2923 90 2963 so
105 2900 284 2981 quadriduo,
312 2917 468 2978 quousque
497 2906 683 2979 putrescant3
716 2900 773 2961 boc
805 2908 884 2961 teres
912 2903 943 2960 in
976 2905 1116 2963 mortario

105 2997 135 3050 et
154 2989 295 3066 adiunges
315 2985 432 3066 galbani
447 2980 487 3073 β
501 2985 552 3067 IX,
570 2985 706 3048 abrotani
721 2980 760 3074 3·
776 2986 838 3067 XII,
857 2990 985 3049 castorei
1000 2982 1040 3076 ιβ
1055 2988 1118 3069 XII,

105 3077 257 3157 sulphuris
280 3077 339 3137 rivi
363 3068 402 3161 ἓ
423 3074 486 3155 XII,
509 3075 625 3136 resinae
649 3075 866 3137 terebinthinae
891 3069 931 3162 β
950 3075 1013 3157 XII,
1037 3081 1118 3138 croci

106 3160 145 3253 ΙΙ
160 3165 222 3246 XII,
241 3167 365 3246 euzomi,
384 3184 459 3244 quac
476 3163 641 3245 appellatur
655 3164 747 3226 herba
762 3167 916 3246 mentiosa,
935 3167 1001 3226 suci
1016 3158 1055 3252 β
1070 3164 1116 3247 VI,

195 3325 211 3374 5
235 3322 340 3390 purgat
362 3317 408 3373 vel
431 3336 481 3390 per
505 3335 534 3374 so
557 3318 606 3374 iris
630 3318 710 3374 eride
735 3319 852 3374 contusa
874 3317 921 3374 vel
946 3335 1008 3372 cum
1034 3317 1118 3374 melle

104 3390 229 3447 Scribere.
302 3392 366 3446 det
383 3391 494 3446 luciosi.
559 3395 592 3446 17
611 3390 756 3463 Testibus]
775 3390 983 3458 cfiPIImmIt.
1000 3394 1117 3458 32,108.

106 3469 140 3519 19
159 3461 309 3532 Venerem]
328 3462 364 3528 cf.
378 3462 454 3518 Plio.
469 3479 497 3518 c.
512 3462 537 3516 b.
554 3466 601 3530 30,
618 3467 677 3517 141.
769 3463 913 3517 concitant
937 3461 1031 3517 Picus„
1056 3476 1129 3511 oso.-

105 3534 204 3589 oiliant
224 3532 383 3588 ocrearius.
454 3538 488 3588 21
509 3532 652 3591 stellionis
671 3532 763 3609 oinisl
779 3534 817 3604 of.
832 3533 919 3589 nito.
930 3527 1146 3590 ubuum
