2438 3802
483 148 720 211 -173-

90 309 202 370 inulam
226 311 378 388 rusticam,
403 308 522 387 quidam
545 306 624 368 alum
643 307 788 369 Gallicum
814 320 928 389 vocant,
950 310 1010 371 lota
1032 312 1104 372 haec

92 416 168 477 aqua
186 397 291 476 irigida
312 404 342 457 et
360 415 425 456 rasa
446 396 565 457 cultello
585 396 717 457 ehurneo
737 397 784 457 vel
802 416 896 458 osseo.
927 399 1020 459 Datur
1039 419 1104 460 sex-

93 496 159 547 tans
186 485 277 546 librae
306 504 342 545 ex
371 504 405 545 ea
432 495 483 546 aut
511 503 546 544 eo
575 485 701 564 amplius
729 486 775 546 vel
803 494 947 565 quantum
975 491 1106 566 potuerit

93 573 181 634 debet
207 574 385 634 manducare
414 581 445 634 et
472 573 614 634 devorare
642 576 693 635 cui
716 590 790 654 opus
819 582 877 655 est3
905 579 1106 654 nequeenim

63 680 190 724 samara
214 671 268 723 est.
299 661 424 740 Oportet
442 671 541 722 autem
560 680 595 723 eo
615 662 662 722 die
682 671 799 724 acetum
818 681 878 723 non
898 673 1006 744 gustet,
1025 665 1104 743 qarod

90 751 243 812 interdum
261 768 315 829 per
335 769 366 810 se
386 750 483 811 solum
501 751 656 829 magnifice
676 751 752 812 solet
770 752 924 834 prodesse,
942 753 994 813 sed
1013 753 1103 814 huius

89 839 200 900 radicis
224 839 362 900 effectum
385 839 515 919 resolvit,
539 842 564 899 si
588 858 713 900 cumea
737 840 833 900 detur.

179 927 259 988 Bene
278 928 349 988 iacit
368 928 403 988 ad
423 929 550 988 arteriae
569 931 757 1006 eruptionem
775 928 915 1009 polygoni
933 947 1024 991 sucus
1038 949 1103 1009 cya—
1123 944 1158 992 22

90 1017 212 1078 thorum
235 1016 328 1077 duum
352 1025 402 1076 aut
425 1019 517 1077 trium
540 1034 594 1095 per
617 1017 751 1078 triduum
773 1017 859 1079 datus
878 1026 909 1079 et
926 1018 1104 1097 plantaginis

49 1127 77 1165 10
91 1107 179 1166 tritae
204 1105 308 1165 eodem
332 1106 419 1166 modo
442 1105 529 1165 datus
553 1123 644 1166 sucus
667 1105 828 1184 plurimum
846 1106 982 1187 prodest3
1005 1115 1104 1167 cretae

91 1211 210 1273 quoque
234 1193 349 1254 Samiae
372 1193 398 1253 ll
421 1211 500 1254 unus
524 1201 662 1272 sumptus
684 1212 721 1254 cx
745 1212 838 1272 aquae
861 1194 985 1272 frigidae
1005 1197 1104 1273 rigore

91 1283 224 1343 detracto
244 1283 357 1361 cyathis
371 1281 469 1343 trihus
484 1282 663 1343 validissime
677 1284 771 1362 iuvat3
790 1281 899 1343 herbae
919 1284 1008 1342 etiam
1022 1282 1102 1362 poly-

91 1373 171 1451 goni,
194 1389 279 1452 quae,
303 1379 336 1431 ut
359 1373 474 1450 opinor,
497 1373 616 1431 tiniaria
635 1377 766 1450 vocatur,
785 1369 954 1451 fasciculus,
975 1380 1104 1448 quantus

90 1477 181 1520 manu
209 1460 412 1538 conprehendi
441 1462 549 1540 possit,
582 1461 612 1518 in
640 1459 738 1520 tribus
770 1458 898 1519 heminis
930 1477 1023 1538 aquae
1056 1459 1105 1520 de-

48 1567 76 1608 as
91 1556 195 1609 coctus
224 1548 260 1608 ad
288 1551 392 1608 tertias
424 1556 506 1609 recte
538 1548 675 1610 medetur
704 1549 854 1628 eruptioni
886 1549 1037 1626 sanguinis
1069 1566 1104 1608 ex

91 1638 219 1716 arteriis,
243 1639 268 1696 si
293 1639 360 1715 quis
383 1637 452 1697 inde
472 1637 620 1698 laboranti
638 1637 758 1717 cyathos
777 1644 840 1697 tres
859 1638 959 1696 ieiuno
978 1655 1033 1716 per
1051 1639 1103 1696 tri·

90 1725 185 1786 ducam
212 1725 335 1788 dederit.
383 1725 508 1805 Oportet
540 1735 639 1787 autem
669 1727 811 1786 sentienti
838 1725 945 1785 vulnus
960 1759 964 1764 -
978 1726 1104 1785 interius
1124 1735 1157 1784 23

90 1813 156 1874 loco
184 1815 249 1892 ipso
278 1815 330 1874 sed
358 1814 471 1875 aforis
495 1816 647 1893 siongeam
670 1832 739 1874 cum
762 1831 837 1892 aqua
861 1813 967 1890 frigida
990 1816 1105 1873 recenti

90 1904 235 1981 inponere
255 1902 300 1963 vel
319 1922 355 1963 ex
374 1914 457 1964 aceto
477 1906 548 1984 acri,
571 1903 624 1963 sed
643 1903 817 1980 frequenter
835 1910 960 1980 mutare,
978 1919 1016 1961 ne
1036 1920 1104 1962 con-

49 2011 77 2050 eo
92 1990 232 2051 calefacta
256 2001 370 2072 noceat,
394 2000 424 2052 et
446 1999 546 2052 vetare
570 1999 653 2052 artus
674 1991 848 2070 constringi,
872 1989 950 2068 quod
969 1989 1104 2068 plerique

90 2079 275 2140 medicorum
294 2081 407 2141 iaciunt
425 2083 606 2161 ignorantes,
625 2080 694 2158 quia
710 2079 852 2138 incitatur
866 2079 1018 2156 sanguinis
1038 2097 1104 2138 eru·

89 2170 153 2246 ptio
173 2168 376 2229 musculorum
400 2171 631 2249 compressione,
656 2165 894 2246 quandoquidem
917 2168 1014 2227 omnis
1037 2185 1105 2227 eon-

90 2259 206 2317 strictio
230 2259 261 2316 in
285 2265 442 2337 utramque
465 2266 580 2337 partem
604 2257 743 2336 exprimit
766 2273 878 2316 venam.
955 2257 960 2265 '

180 2344 306 2406 Faciunt
325 2354 355 2406 et
374 2349 536 2425 composita
554 2346 769 2407 medicamenta
789 2344 825 2405 ad
847 2346 999 2423 sauguinis
1019 2363 1105 2424 erup·
1125 2354 1160 2403 24

49 2449 77 2490 aa
91 2435 212 2515 tionem,
236 2452 365 2512 quorum
386 2435 443 2496 hoc
470 2444 516 2497 est
538 2437 746 2515 praecipuum:
769 2435 893 2495 Acaciae
921 2436 985 2494 suci
1008 2436 1104 2513 uncia,

90 2521 303 2603 hypocistidos,
327 2526 379 2602 qui
402 2535 448 2585 est
464 2544 555 2586 sucus
574 2542 660 2585 rosae
680 2523 838 2604 silvaticae,
862 2541 951 2601 quam
970 2525 1105 2583 caninam

91 2610 211 2688 quidam
234 2620 354 2691 vocant,
376 2616 477 2694 uncia,
500 2613 640 2695 balausti,
666 2614 718 2692 qui
741 2621 787 2672 est
811 2611 865 2672 llos
889 2610 958 2672 mali
981 2614 1105 2691 granati,

92 2717 150 2777 quo
170 2701 290 2760 coriarii
309 2708 443 2781 utuntur,
462 2704 559 2781 uncia,
578 2703 628 2779 opi
647 2703 807 2762 semuncia.
838 2699 1021 2760 Balaustium
1035 2719 1104 2761 con·

91 2787 229 2848 tunditur
248 2796 278 2848 et
296 2789 445 2850 cribratur
464 2789 511 2849 vel
529 2793 642 2850 siccum
660 2791 692 2848 in
710 2790 853 2848 mortario
869 2790 986 2865 teritur,
1005 2797 1105 2848 cetera

50 2891 78 2932 ao
91 2875 188 2956 pridie
216 2885 364 2938 macerata
392 2880 423 2936 in
451 2895 527 2955 aqua
555 2877 786 2936 commiscentur
814 2875 971 2952 diligenter
999 2883 1029 2933 et
1057 2894 1106 2952 pa-

91 2964 164 3026 stilli
186 2965 256 3026 inde
280 2967 446 3045 finguntur,
476 2964 595 3043 quidam
624 2965 763 3042 maiores,
788 2962 907 3040 quidam
931 2960 967 3020 ad
991 2960 1107 3020 denarii

91 3055 260 3135 semissem,
289 3052 397 3115 dantur
425 3052 549 3114 resoluti
575 3054 657 3112 iuxta
680 3057 806 3110 aetatem
828 3049 875 3108 vel
897 3050 1039 3108 virtutem
1062 3049 1105 3107 in-

90 3142 171 3202 firmi
199 3161 235 3203 ex
263 3161 355 3222 aquae
384 3143 508 3223 frigidae
536 3141 649 3222 cyathis
676 3137 773 3199 tribus
801 3146 852 3198 aut
880 3135 1004 3197 duobus.
1051 3135 1105 3196 llic

90 3230 226 3311 pastillus
254 3231 329 3292 bene
358 3232 428 3294 lacit
456 3240 486 3292 et
513 3231 549 3292 ad
578 3229 775 3310 dysintericos
804 3236 834 3289 et
857 3225 893 3286 ad
916 3226 1105 3286 torminosos.

183 3367 246 3420 lal
259 3383 313 3436 pro
332 3367 415 3424 alum.
495 3368 694 3422 lsextantem.
769 3369 801 3418 12
820 3360 999 3418 valedissime
1017 3361 1105 3416 iubat.

92 3442 126 3490 22
146 3437 322 3506 quandoque.
377 3444 411 3494 27
430 3438 627 3508 malagranati.
690 3439 724 3490 28
742 3451 798 3505 quo
819 3432 942 3505 coriarii]
962 3432 1107 3502 quoriarii.

91 3513 127 3563 28
145 3507 341 3564 balausticnm.
414 3514 449 3564 84
468 3509 654 3565 disintericos.
