2438 3802
505 135 743 201 -276-

60 313 94 362 14
113 316 205 378 aquae
234 297 345 359 calidae
373 301 494 378 potione
518 305 647 377 potetur.
693 297 809 358 Herbae
832 297 1023 359 Britannicae
1050 299 1139 360 radix

114 387 160 448 vel
183 387 252 448 lolia
274 390 392 449 incocta
415 388 461 448 vel
484 405 569 466 aqua,
593 390 625 448 in
649 405 707 466 qua
729 389 864 448 tamarici
887 385 957 447 folia
978 395 1009 448 et
1029 405 1139 448 semen

113 480 265 538 incoctum
288 477 392 557 fuerit,
420 478 585 537 torminoso
611 475 739 555 potanda
763 475 851 536 detur
874 477 963 536 etiam
987 494 1061 536 cum
1086 477 1137 538 ad·

63 580 95 629 15
114 568 258 627 mixtione
287 567 349 625 vini
376 567 496 625 austeri.
542 564 683 644 Plantago
712 571 797 625 cocta
818 572 885 625 aute
914 564 1005 624 alium
1030 564 1138 626 cibum

115 656 181 716 data
206 673 242 714 ex
265 661 349 713 aceto
372 653 501 731 plurimo
525 662 555 713 et
578 655 684 732 exiguo
708 653 768 713 sale
792 661 880 731 atque
901 652 965 712 oleo
985 655 1161 714 torminoo

115 746 157 804 sis
180 742 343 822 plurimum
365 741 496 818 prodest.

62 847 95 895 1a
204 829 385 907 Plantaginis
413 830 512 890 aridae
540 848 642 890 semen
669 831 774 890 tritum
798 848 834 889 ex
856 829 992 907 partibus
1015 829 1140 892 duabus

115 926 146 979 at
168 921 324 996 papaveris
348 921 444 996 capita
467 919 548 978 arida
572 920 642 978 trita
666 937 702 978 ex
724 927 809 996 parte
833 920 920 979 tertia
939 925 1063 996 oportet
1082 937 1140 998 per

116 1006 251 1068 cribrum
274 1008 405 1067 tenuiter
425 1007 553 1068 foratum
572 1008 660 1067 traici
679 1025 715 1066 ex
734 1025 828 1085 eoque
846 1005 968 1085 pulvere
988 1006 1057 1067 dari
1076 1017 1139 1068 tor-

115 1098 231 1156 minoso
251 1094 359 1173 ligulae
376 1114 499 1174 magnae
513 1113 692 1174 mensuram,
710 1095 861 1156 interdum
875 1093 942 1173 plus
957 1104 1009 1157 aut
1022 1098 1139 1177 minus,
1154 1113 1177 1152 1o

116 1203 186 1246 cum
209 1186 269 1244 vini
292 1186 402 1246 veteris
425 1187 510 1245 mixti
533 1202 593 1245 non
616 1185 749 1263 nimium,
773 1183 803 1242 id
828 1191 873 1243 est
892 1183 1006 1262 cyathis
1024 1184 1141 1247 trihus.

116 1273 179 1335 Hoc
207 1273 458 1336 medicamentum
492 1282 560 1334 ante
593 1290 731 1333 somnum
758 1271 872 1332 utiliter
900 1274 988 1332 etiam
1018 1273 1058 1333 ad
1091 1293 1141 1334 ve-

118 1381 237 1443 speram
261 1362 357 1423 datur.

67 1467 99 1515 17
208 1451 334 1512 Prodest
357 1451 528 1511 torminosis
546 1448 717 1510 huiusmodi
736 1448 874 1509 sorbitio:
897 1449 996 1510 Alicae
1015 1449 1141 1512 hemina

119 1542 316 1619 percoquitur
339 1557 408 1599 cum
431 1556 517 1598 cerae
541 1545 572 1598 at
595 1548 680 1598 rutae
704 1537 729 1597 X
748 1537 770 1618 1,
792 1537 973 1598 admiscetur
997 1556 1071 1599 sane
1091 1539 1141 1600 his
1155 1553 1180 1595 15

121 1637 151 1689 et
176 1629 287 1689 malum
315 1636 471 1705 granatum
498 1635 587 1704 atque
615 1628 656 1686 ita
684 1625 773 1686 simul
796 1634 967 1704 coquuntur
990 1628 1022 1686 in
1046 1645 1142 1709 aqua3

120 1725 189 1797 post
212 1717 269 1777 hoc
293 1717 502 1794 exprimuntur
520 1716 618 1781 omnia
637 1723 667 1775 et
686 1716 872 1794 coagitantur
891 1715 942 1775 diu
961 1733 995 1775 ac
1015 1716 1042 1774 si
1062 1734 1143 1794 opus

121 1807 221 1886 luerit,
245 1805 373 1866 adicitur
396 1803 469 1864 alica
488 1813 581 1884 cocta,
603 1805 687 1864 utin
705 1803 827 1864 modum
845 1803 937 1882 pultis
957 1805 1004 1863 sit.
1036 1802 1143 1866 Lactis

122 1912 241 1973 quoque
269 1892 375 1954 bubuli
402 1901 453 1954 aut
482 1892 642 1954 cuiuslibet
664 1890 690 1952 ll
713 1892 726 1951 l
749 1891 930 1952 admiscetur
953 1899 983 1951 et
1007 1894 1050 1952 sic
1077 1911 1142 1954 sor·

122 1982 218 2045 betur.
267 1981 299 2043 Si
326 1989 425 2042 autem
458 1982 636 2044 manducare
669 1982 754 2060 panis
785 1999 869 2040 more
896 1979 969 2040 illud
997 1979 1143 2063 volueris,
1156 1997 1182 2037 ao

123 2072 214 2133 addes
241 2071 302 2133 illic
330 2090 384 2132 ova
411 2073 528 2132 incocta
555 2073 613 2132 tria
641 2077 671 2130 et
697 2069 833 2148 polentae
859 2068 969 2129 nitidae
993 2068 1142 2131 delicatae

124 2170 268 2240 quantum
292 2163 364 2222 satis
388 2163 454 2241 erit,
478 2168 512 2220 ut
533 2161 618 2239 panis
641 2159 708 2218 fieri
730 2176 766 2218 ex
790 2176 825 2218 eo
848 2159 952 2237 possit,
975 2159 1027 2236 qui
1048 2161 1143 2220 etiam

123 2250 249 2328 frigidus
273 2256 424 2309 comestus
447 2248 608 2326 plurimum
631 2247 762 2326 prodest.

71 2349 103 2398 18
212 2336 460 2397 Medicamentum
488 2335 524 2394 ad
551 2338 732 2395 torminosos
761 2334 934 2395 huiusmodi
963 2336 1036 2395 satis
1065 2336 1142 2398 utile

122 2432 181 2485 est:
205 2424 293 2484 Croci
315 2423 373 2482 ill
397 2431 427 2482 et
450 2423 525 2482 duae
548 2431 648 2501 partes
672 2424 832 2503 victoriati,
856 2423 942 2483 nardi
965 2422 990 2482 Χ
1009 2423 1049 2504 11,
1075 2444 1142 2487 aca-
1157 2439 1183 2480 ao

122 2514 185 2573 ciae
208 2510 309 2591 lllll,
337 2509 430 2589 gallae
453 2508 479 2570 ll
498 2509 551 2590 111,
579 2510 658 2571 aloes
681 2513 829 2572 victoriati
853 2530 923 2589 pars
945 2514 1047 2592 tertia,
1071 2513 1145 2594 lycii

122 2599 148 2660 li
167 2599 194 2680 1,
217 2600 279 2678 opii
302 2598 328 2657 ll
348 2599 381 2679 S,
406 2598 591 2677 tragacanthi
614 2598 680 2659 iis
708 2607 739 2661 et
761 2601 851 2660 tertia
875 2602 953 2679 eius,
980 2603 1057 2661 turis
1083 2601 1144 2663 ill

124 2696 154 2750 et
172 2689 322 2749 victoriati
338 2694 439 2767 partes
458 2687 543 2769 duae,
562 2706 678 2767 myrrae
698 2687 724 2749 ll
742 2688 777 2770 ΙΙ,
795 2691 909 2768 piperis
924 2688 949 2748 X
965 2688 993 2749 S.
1025 2689 1143 2752 Terun-

9 2856 12 2866 ‚
123 2784 174 2839 tur
203 2784 233 2838 et
257 2775 428 2838 cribrantur
451 2777 524 2838 haec
548 2775 705 2858 diligenter
728 2785 817 2856 atque
840 2795 877 2837 ax
900 2779 967 2837 vino
990 2778 1068 2839 fiunt
1092 2800 1143 2860 pa·

124 2866 196 2928 stilli
214 2866 309 2946 lupini
327 2866 550 2948 magnitudinis,
568 2867 677 2928 dantur
691 2886 760 2928 cum
774 2865 871 2927 tribus
886 2866 999 2946 cyathis
1013 2866 1144 2946 liquoris
1158 2886 1184 2926 oo

124 2955 285 3018 cuiuslibet
308 2963 368 3016 tam
385 2949 457 3038 diu,
486 2974 642 3035 quousque
665 2957 834 3034 conveniat,
863 2962 897 3015 ut
922 2957 1051 3017 tormina
1075 2961 1144 3019 uni·

124 3063 209 3106 versa
233 3045 384 3106 sedentur.
790 3038 793 3044 ’

74 3145 106 3194 19
214 3133 328 3194 Inmitti
355 3135 527 3193 torminosis
554 3151 609 3210 per
637 3131 794 3211 clysterem
827 3139 945 3210 oportet
972 3134 1074 3192 vinum
1106 3153 1145 3196 ex

124 3223 199 3299 piris
224 3222 352 3301 Syriacis
376 3223 487 3282 lactum
510 3239 580 3280 cum
603 3238 675 3281 suco
699 3219 889 3301 plantaginis3
912 3221 1037 3280 mirifice
1060 3225 1145 3284 enim

125 3309 196 3370 lacit
218 3310 276 3370 hoc
299 3309 464 3371 remedium
488 3315 518 3369 et
540 3307 642 3369 multis
666 3309 904 3386 experimentum
927 3309 1015 3370 dedit.
1158 3327 1184 3370 aa

217 3495 360 3566 luridae]
381 3495 501 3552 aradios.
557 3500 591 3549 26
609 3495 675 3550 licii.
731 3500 765 3550 27
784 3496 906 3551 tertiam.
961 3503 995 3552 33
1010 3496 1142 3567 clystere.
