2438 3802
497 155 696 218 ..9,

88 334 199 378 venere
215 334 334 396 quoque
348 315 567 397 abstinendum,
586 318 705 395 parcius
720 319 809 378 etiam
823 319 1024 381 ieiunandum.
1058 319 1104 381 Ab

88 407 148 467 hoo
168 423 275 466 rursus
295 414 437 485 tempore,
462 405 492 465 id
512 415 558 466 est
576 423 592 465 a
611 405 665 466 llll
684 406 752 467 idus
771 405 961 488 Novembres,
983 412 1104 488 sanguis

90 495 204 575 delicit3
228 497 366 572 congruit
389 496 481 573 igitur
504 493 664 556 levioribus
688 494 763 556 cibis
783 497 835 569 uti,
858 497 925 556 vino
949 497 1104 576 indulgere

88 602 147 645 nec
169 601 227 644 usu
247 585 366 643 venerio
385 582 535 643 abstinere
555 584 585 643 in
605 583 669 643 Vlll
688 582 751 644 llal.
771 582 895 665 Ianuar,
919 603 955 645 ex
979 604 1038 664 quo
1062 588 1104 646 in-

59 675 164 752 scipit
183 679 301 750 tempus
319 671 487 732 hibernum.
525 669 614 752 Haec,
637 679 671 733 ut
691 671 760 747 dixi,
783 672 944 733 observans
963 673 1105 735 incolumi

90 762 234 840 sospitate
257 763 334 822 vitae
359 763 453 840 spatia
476 768 666 820 transcurres
695 779 749 821 nee
778 760 838 820 ulla
864 757 1013 841 indigebis
1037 765 1104 824 visi-

88 852 203 911 tatione
222 857 273 911 ant
296 852 451 912 curatione
473 848 666 910 medicorum.

135 1061 303 1142 Epistula
328 1062 396 1123 alia
421 1061 582 1122 eiusdem
605 1060 840 1142 Hippocratis
864 1081 905 1123 ex
929 1061 1064 1124 Graeco

341 1149 519 1212 translata
543 1149 583 1210 ad
606 1149 854 1211 Maecenatem.

181 1292 277 1363 Quem
291 1295 408 1370 roganti
422 1293 477 1354 tibi
491 1292 623 1354 libellum
638 1293 770 1374 promisi,
790 1294 872 1352 omni
886 1311 958 1354 cura
973 1293 1103 1354 adhibita
1124 1293 1138 1340 1

93 1381 276 1460 descriptum
308 1383 391 1461 misi,
424 1381 679 1443 ordinatissimum
712 1389 780 1442 tuae
810 1381 913 1443 salutis
941 1383 1104 1463 custodem,

47 1486 76 1527 1o
92 1488 181 1550 quem
211 1469 334 1530 debebis
362 1477 422 1530 tem
450 1469 608 1548 diligenter
635 1471 747 1531 intueri
775 1488 862 1548 qnam
892 1473 1022 1550 scriptus
1050 1482 1104 1532 est.

90 1559 136 1620 Ad
165 1561 348 1621 curationem
377 1560 456 1619 enim
484 1560 619 1637 corporis
647 1560 692 1618 tui
720 1560 818 1618 omnia
847 1558 997 1637 explorata
1026 1569 1104 1640 sunt,

90 1667 167 1728 quae
187 1667 255 1709 oum
269 1666 370 1709 rerum
385 1647 492 1708 ellectu
507 1648 630 1727 conperi
643 1646 841 1727 celeriterque
857 1648 1020 1728 conplexus
1030 1667 1104 1710 sum

90 1738 206 1798 lntueri
227 1755 298 1816 ergo
317 1754 435 1798 omnem
453 1736 618 1798 medicinae
637 1738 782 1797 rationem
802 1737 934 1798 debebis.
971 1737 1104 1816 Namque

91 1845 146 1905 ego
166 1826 303 1904 diligenti
321 1843 402 1906 cura,
422 1825 496 1887 licet
515 1844 629 1886 summa
647 1825 802 1906 brevitate,
821 1826 1026 1906 conprehendi
1045 1829 1104 1887 sin·

49 1929 77 1971 15
91 1915 160 1994 gula
189 1916 377 1975 curationum
400 1931 518 1994 genera,
541 1916 620 1975 sicut
642 1916 777 1992 proxime
800 1916 832 1975 in
856 1934 890 1976 eo
914 1915 1014 1975 libello
1038 1916 1104 1990 leci,

93 2021 182 2081 quem
200 2002 319 2064 Caesari
337 2011 440 2064 nostro
460 2020 560 2064 coram
578 2009 608 2061 te
627 2002 750 2062 tradidi:
770 2021 844 2080 quas
863 2005 1032 2063 curationes
1051 2022 1105 2081 per

92 2099 184 2152 temet
198 2093 297 2170 ipsum
311 2095 467 2153 aestimare
482 2091 605 2171 poteris,
619 2089 805 2167 sapientibus
820 2093 898 2150 enim
914 2092 989 2149 ratio
1004 2093 1105 2151 venire

91 2182 122 2240 in
146 2179 304 2241 consilium
323 2180 464 2242 adsuevit.
502 2177 596 2239 Omne
619 2179 719 2256 itaque
742 2195 851 2256 corpus
869 2177 1032 2259 hominum,
1055 2193 1141 2257 pen

92 2268 202 2330 oudum
221 2268 392 2349 alitumque,
412 2287 447 2328 ex
466 2275 607 2348 quattuor
626 2265 787 2346 generibus
806 2274 930 2349 constat,
950 2267 1002 2328 sed
1021 2286 1104 2347 prae·

52 2371 79 2411 so
93 2359 181 2436 cipue
204 2357 373 2418 hominum:
396 2357 504 2438 calido,
527 2356 649 2439 frigido,
673 2358 752 2417 sicco
777 2364 806 2417 et
829 2356 939 2418 umido.
985 2356 1105 2438 Frigido

93 2448 172 2507 enim
192 2447 385 2506 continentur
398 2447 520 2526 viscera,
539 2446 618 2506 unde
638 2448 800 2525 spiramus:
819 2446 916 2507 calore
935 2450 1106 2508 continetur

93 2537 199 2616 anima,
220 2553 278 2613 qna
296 2536 430 2615 vivimus,
448 2535 479 2595 id
499 2543 544 2595 est
564 2554 620 2614 qna
640 2538 729 2596 vitam
749 2537 903 2597 sentimus.
937 2536 1020 2597 Sicca
1035 2543 1106 2597 sunt

94 2641 169 2704 ossa,
195 2641 271 2703 quae
290 2625 368 2684 vires
387 2625 499 2685 faciunt
518 2624 554 2684 ad
581 2624 789 2685 sustinendum
813 2623 958 2686 laborem:
986 2625 1105 2686 umidus

94 2720 140 2772 est
160 2714 291 2793 sanguis,
309 2731 367 2791 quo
387 2713 475 2774 alitur
494 2715 561 2773 vita.
589 2712 647 2773 Per
666 2715 764 2775 omnia
784 2715 863 2773 enim
882 2715 996 2773 viscera
1014 2731 1105 2773 venae

54 2814 80 2854 2⁵
95 2811 231 2882 currunt,
254 2820 329 2881 quae
353 2804 527 2880 sangninem
550 2809 666 2879 regunt.
705 2802 832 2879 Sanguis
851 2804 986 2880 animam,
1011 2804 1106 2861 anima

96 2890 186 2948 vitam
209 2893 344 2971 sustinet,
368 2892 492 2968 spiritus
516 2897 616 2948 antem
640 2891 716 2949 aeris
738 2898 792 2949 est.
830 2888 904 2949 Ossa
925 2891 1024 2949 nervis
1042 2908 1105 2948 mu-

97 2978 158 3036 nita
192 2979 330 3040 virtutem
361 2978 480 3056 corpori
509 2983 669 3054 praestant.
717 2974 843 3051 Sanguis
871 2994 940 3035 cum
968 2975 1142 3053 abundate

96 3063 292 3128 valetudinem
316 3069 407 3128 vitiat.
454 3064 498 3124 Ex
522 3081 557 3124 eo
581 3064 714 3122 nascitur
738 3062 849 3142 sanies,
880 3079 967 3139 quam
991 3063 1022 3121 in
1045 3061 1105 3120 vnl-

94 3154 217 3217 neribus
241 3158 331 3217 sectis
353 3157 501 3235 videmus5
525 3153 659 3213 nascitur
683 3159 712 3211 et
735 3151 850 3232 pituita,
874 3168 949 3229 qnae
974 3151 1107 3210 nausiam

166 3315 179 3362 1
205 3326 223 3363 a
247 3308 311 3363 odd.
335 3325 421 3378 snpra
445 3308 545 3362 lineam
569 3310 632 3360 aute
654 3319 754 3360 venere
774 3308 833 3360 2m.
926 3311 941 3359 6
961 3303 1037 3358 vitae
1056 3319 1106 3359 om.

92 3383 126 3432 20
150 3379 276 3448 humido,
299 3381 362 3434 item
385 3385 419 3434 23
444 3378 583 3433 humidus.
674 3383 708 3431 24
726 3392 778 3445 per
795 3378 867 3432 deest
890 3376 989 3432 litteris
1006 3376 1108 3446 paneis

91 3452 185 3505 erasis.
260 3450 355 3504 omnia
377 3450 464 3522 enim]
494 3464 559 3503 ossa
582 3450 618 3504 et.
691 3453 725 3503 25
745 3451 910 3504 curant1m
929 3450 1028 3504 aurunt
1046 3451 1106 3504 2m.

92 3525 126 3575 28
145 3521 340 3576 valitudinem.
