2438 3802
516 77 756 142 -164—

76 255 109 305 61
130 241 216 304 Cervi
238 240 394 321 pulmones
418 258 487 301 cum
511 241 574 300 suis
597 239 824 318 gurgulionibus
847 239 970 319 virgulis
989 249 1092 300 tensos
1111 243 1144 301 in

129 331 224 411 fumo,
251 330 346 390 donec
374 338 525 410 arescant,
557 328 705 406 suspende
734 337 763 389 61
791 347 827 388 ex
854 328 901 387 his
930 327 1040 406 aliquid
1072 347 1142 389 cou-

129 427 231 480 tusum
254 421 419 497 tritumque
444 417 602 495 diligenter
625 417 740 477 adiecto
764 416 850 477 melle
870 416 1033 495 ecligmatis
1052 418 1141 478 modo

77 521 111 571 62
129 509 257 590 pthisico
282 507 358 588 dato,
382 524 472 585 quern
495 508 594 566 sanari
612 508 754 567 citissime
773 505 862 566 66166.
897 504 1021 565 Lacerta
1039 506 1144 565 viridis

128 599 194 658 6166
216 599 307 658 missa
330 597 361 655 in
384 612 435 654 666
458 594 548 654 fictile
571 612 680 654 novum
704 603 734 654 61
756 613 824 655 cum
845 591 956 654 61618
977 593 1074 654 tribus
1094 594 1173 655 des

129 694 213 747 cocta
237 685 272 746 ad
297 682 435 761 cyathum
458 700 552 742 unum
574 682 790 743 incredibiliter
813 681 940 762 pthisico
960 681 1092 762 prodest,
1117 685 1144 742 si

76 787 110 837 63
130 792 166 834 ex
190 792 224 833 eo
247 774 316 831 6166
339 788 425 830 mane
447 772 567 832 ieiunus
590 770 672 831 hibat
690 770 824 832 cocleare
843 789 944 831 unum.
974 770 1033 840 Qui
1050 770 1145 849 pthisi

129 860 283 940 laborabit,
301 859 379 918 laser
398 861 503 920 tritum
521 861 552 919 in
571 877 647 938 aqua
665 859 765 939 tepida
782 861 900 920 ieiunus
915 859 1037 919 cottidie
1052 858 1144 940 bibat,

77 962 112 1012 64
129 956 268 1029 66166166
282 947 503 1008 remediabitur.
535 947 664 1008 Cancros
679 950 810 1008 marinos
824 950 932 1026 impari
949 965 1074 1008 numero
1095 965 1143 1007 ex·

130 1045 214 1098 ustos
242 1036 288 1096 vel
317 1036 415 1097 aridos
444 1038 532 1098 tritos
561 1049 591 1097 et
617 1035 705 1096 bacas
735 1036 851 1097 laureas
880 1037 987 1115 impari
1017 1054 1142 1096 numero
1159 1056 1185 1096 xo

129 1128 216 1187 tritas
244 1125 359 1185 adiecto
387 1124 473 1185 melle
501 1132 590 1204 atque
619 1124 704 1204 adipe
732 1127 869 1185 anserina
892 1126 1016 1184 remissa
1040 1127 1144 1204 aequis

129 1213 312 1295 ponderibus
342 1216 480 1274 universa
508 1215 655 1294 permixta
684 1232 775 1274 unum
803 1231 912 1293 corpus
940 1213 1030 1273 facies
1054 1221 1144 1292 atque

131 1303 295 1383 aequaliter
323 1305 354 1363 16
382 1302 539 1364 duodecim
566 1309 667 1382 partes
695 1302 808 1362 divides
835 1310 866 1362 et
892 1304 922 1362 16
947 1300 1013 1362 cibo
1037 1304 1145 1362 autin

78 1395 251 1471 6116611666
279 1390 425 1452 laboranti
451 1391 580 1471 pthisico
604 1391 706 1471 dabis,
728 1393 803 1451 mire
827 1390 968 1470 proderit.
1015 1388 1143 1450 06616-

130 1490 214 1543 cocta
243 1481 302 1541 duo
331 1481 362 1540 in
390 1480 480 1540 calice
509 1479 656 1540 diffitndes
686 1487 716 1540 et
739 1479 822 1540 deice
846 1479 904 1540 olei
925 1479 1030 1557 optimi
1054 1471 1093 1563 3·
1118 1478 1185 1540 116

131 1578 161 1631 61
190 1570 334 1646 axungiae
362 1569 580 1629 vetustissimae
607 1569 639 1628 in
667 1568 756 1628 trulla
783 1569 818 1628 ad
847 1566 971 1628 calidam
1000 1568 1144 1627 remissae

132 1651 218 1745 ,6111
242 1666 272 1718 61
294 1657 440 1735 coagitato
471 1675 505 1716 ae
532 1657 714 1735 permixtum
739 1657 867 1735 pthisico
895 1655 1028 1734 tepidum
1057 1658 1143 1715 cotti-

79 1760 113 1810 66
132 1747 180 1808 (116
194 1747 231 1808 da
245 1744 417 1826 bibendum,
435 1745 530 1806 donec
550 1752 680 1825 sanetur,
697 1744 780 1805 valde
799 1745 942 1824 proderit.
975 1742 1032 1813 Qui
1050 1745 1145 1821 pthisi

131 1837 319 1915 adliciuntur,
337 1836 485 1895 maritima
504 1833 568 1894 1666
587 1835 680 1894 611666
699 1833 810 1894 debent
828 1841 916 1912 atque
933 1831 993 1892 11116
1008 1834 1144 1912 maxime,

131 1924 183 1984 ubi
206 1925 256 2002 pix
275 1924 442 2004 coniicitur,
463 1924 642 1984 commorari
659 1922 761 2002 ibique
780 1921 946 1983 coclearum
967 1938 1055 1980 carne
1075 1939 1145 1981 cum
1159 1942 1186 1982 ao

79 2026 112 2076 61
131 2014 198 2073 6166
227 2019 418 2073 excoctarum
445 2012 568 2072 adsidue
597 2013 684 2072 vesci.
730 2011 830 2072 Picem
857 2027 1055 2090 praecoquam
1082 2011 1144 2070 sive

132 2120 221 2181 quam
248 2103 394 2162 viscosam
423 2109 529 2162 vocant
556 2108 586 2160 et
609 2099 760 2160 rubricam
784 2099 960 2179 Scythicam,
984 2115 1071 2177 quam
1095 2098 1145 2158 alii

131 2189 362 2269 pissasphaltum
384 2196 500 2268 vocant,
524 2207 592 2249 cum
611 2190 673 2249 6661
692 2190 804 2248 cervini
822 2189 942 2248 remissi
960 2186 1064 2266 cyatho
1084 2205 1145 2246 uno

132 2286 162 2339 et
180 2278 265 2338 lactis
284 2276 389 2337 bubuli
408 2276 454 2336 661
473 2276 553 2337 661111
571 2278 636 2355 6661
654 2293 803 2357 61666666,
823 2278 930 2355 siquis
948 2277 1007 2335 iam
1025 2275 1143 2353 pericli·

131 2367 208 2425 tanti
234 2363 363 2443 pthisico
391 2365 422 2423 in
450 2371 523 2443 potu
551 2363 597 2424 661
625 2365 658 2423 16
683 2363 749 2424 cibo
773 2364 894 2424 cottidie
919 2363 1045 2443 dederit,
1069 2365 1144 2425 mire
1158 2381 1184 2422 66

132 2454 162 2512 61
184 2451 347 2512 subveniet.

80 2554 114 2604 66
221 2538 288 2600 Μ66
315 2538 399 2618 gliris
426 2537 586 2616 degluptus
617 2547 648 2600 61
679 2557 748 2601 curn
779 2539 844 2600 oleo
873 2558 906 2600 ac
940 2538 999 2599 sale
1030 2548 1146 2600 assatus

133 2627 347 2708 plenmoniacis
370 2626 417 2687 661
440 2628 582 2706 empyicis
606 2626 672 2688 cibo
695 2627 782 2689 datus
805 2630 880 2689 mire
907 2630 1069 2707 succurrit3
1094 2646 1146 2688 eos

81 2731 115 2781 66
135 2734 268 2797 quoque,
293 2717 345 2796 qui
366 2715 526 2794 purulenta
549 2724 697 2797 excreant,
721 2717 876 2777 celerrime
900 2724 991 2777 sanat.
1032 2714 1145 2776 Marru-

134 2806 177 2866 bii
200 2806 303 2866 viridis
327 2805 502 2867 fasciculum
525 2812 556 2865 61
578 2804 743 2866 ambrosiae
764 2805 938 2866 fasciculum
961 2812 992 2865 et
1010 2803 1146 2866 abrotani
1160 2824 1186 2864 eo

134 2894 309 2956 fasciculum
328 2897 412 2956 mitte
432 2897 463 2956 in
482 2893 569 2955 ollam
588 2895 778 2956 semodialem
796 2913 901 2956 novam
923 2901 953 2954 et
971 2890 1147 2954 6161811111

134 2992 165 3046 61
188 2985 321 3064 (1666666
345 2984 381 3045 ad
405 2985 580 3064 sextarium,
603 2992 668 3045 tum
691 2986 823 3062 exprime
846 2982 953 3043 herbas
976 2989 1006 3041 et
1029 2981 1093 3041 cola
1117 2990 1148 3043 61

206 3154 395 3226 beligmatis.
470 3151 637 3224 tiphisioo.
714 3151 846 3222 71616161.
928 3158 960 3205 11
980 3151 1078 3222 61666]
1098 3154 1147 3209 ed·

133 3226 218 3281 16616.
301 3231 335 3280 te
354 3225 515 3281 duodecem.
598 3222 784 3294 1116166166.
870 3227 903 3277 16
923 3221 1053 3276 difundee
1072 3225 1146 3292 (eic);

134 3312 173 3351 66
192 3295 345 3351 defundes?
427 3300 461 3349 16
479 3292 657 3350 6616661666.
735 3292 915 3362 1116166166.
997 3294 1146 3363 18166161.

134 3372 169 3422 1111
188 3364 423 3436 pissasphalbum]
443 3363 569 3446 66611166.
666 3369 701 3419 28
719 3363 922 3433 plenmoniacis
941 3363 1040 3434 6661661
1058 3371 1147 3422 otest

134 3439 166 3493 bt
183 3437 280 3494 titulo:
297 3434 514 3506 plenmoniheis,
587 3439 621 3490 29
640 3433 769 3490 maronii.
