2438 3802
392 139 733 226 γ-115--

103 305 131 364 si
154 321 242 382 aqua,
270 302 302 360 in
326 318 384 379 qna
408 307 491 361 cocta
515 302 639 382 fuerint,
667 301 869 380 gargarizelur
894 311 945 365 ant
968 323 1001 364 os
1025 323 1060 364 ex
1084 323 1120 366 ea

103 390 260 453 colluatur.
299 388 378 449 Haec
402 391 499 450 omnia
523 398 650 468 prosunt
672 392 761 451 etiam
784 392 922 469 anginam
940 391 1118 466 habentibus

103 489 135 541 et
152 487 251 540 cetera
271 479 341 538 vitia
359 479 391 537 in
410 496 461 538 ore
481 485 547 541 nata
566 479 725 539 efficaciter
740 487 855 541 curant.
884 480 950 541 Non
964 481 1118 543 desinente
1137 495 1172 544 39

104 569 235 630 faucium
262 575 380 628 tumore
408 574 534 646 prosunt
560 585 620 628 non
643 566 739 628 solnm
763 569 892 629 fomenta
915 569 1046 630 molliter
1068 571 1117 631 ad·

63 671 78 713 a
105 656 198 716 hibita
227 655 361 716 faucibus
390 663 478 734 atque
507 658 625 716 arteriis
650 675 704 736 per
728 656 858 735 sfongias
880 676 974 736 aquae
998 657 1119 740 calidae,

106 745 160 805 sed
183 746 271 804 etiam
294 743 503 822 cataplasmata
525 743 572 804 vel
595 745 725 806 fomenta
744 745 780 805 de
800 745 911 807 farinis.
952 747 1054 826 ltaque
1074 749 1118 807 in·

105 834 178 913 poni
197 831 345 912 oportebit
363 831 457 892 isdem
476 832 612 910 partibus
631 834 754 894 farinam
773 833 969 895 hordeaceam
989 854 1023 895 ex
1041 853 1119 915 aqua

104 940 181 1000 pura
200 921 246 981 vel
265 919 357 982 mulsa
377 928 491 981 coctam
514 921 560 981 vel
585 921 639 982 lini
662 923 784 982 seminis
807 922 930 984 farinam
950 923 996 984 vel
1019 924 1118 985 faeno·

104 1012 205 1088 graeci
224 1010 347 1070 farinam
367 1009 503 1070 similiter
523 1019 644 1070 coctam.
679 1010 737 1070 Sed
756 1012 880 1072 mirifice
898 1022 1026 1090 prosunt
1045 1013 1118 1092 pulli

62 1115 89 1156 10
103 1099 291 1159 hirundinini
313 1100 440 1176 pingues
464 1097 542 1159 saliti
559 1099 605 1159 vel
627 1107 764 1159 recentes
783 1101 843 1159 assi
861 1101 891 1160 in
911 1100 977 1161 cibo
997 1104 1117 1180 sumpti.

102 1187 244 1248 Protinus
265 1189 346 1246 enim
365 1204 482 1247 omnem
500 1189 752 1266 praefocationem
770 1197 801 1249 et
819 1195 967 1248 tumorem
986 1190 1118 1250 faucium

103 1275 218 1337 tollunt.
256 1274 365 1335 Verum
389 1277 415 1336 si
438 1294 604 1355 suppurare
629 1276 730 1337 fauces
754 1275 943 1357 videbuntur,
967 1276 1116 1356 oportebit

104 1367 222 1444 saepius
236 1363 415 1442 gargalizare
430 1383 535 1444 aquam
551 1383 619 1425 cum
634 1366 698 1425 ficis
713 1363 804 1424 aridis
819 1375 933 1425 coctam
947 1365 993 1426 vel
1010 1383 1116 1444 aquam

103 1453 228 1514 mulsam
247 1471 316 1513 eum
336 1471 425 1532 supra
444 1455 625 1532 scriptorum
644 1454 834 1514 admixtione.
866 1451 950 1522 Quod
971 1456 997 1513 si
1015 1461 1117 1514 tantus

61 1557 89 1599 aa
103 1543 194 1603 fuerit
222 1549 334 1621 tumor,
362 1549 397 1602 ut
424 1544 511 1602 etiam
540 1543 706 1621 praefocari
728 1552 779 1602 aut
807 1542 985 1620 strangulari
1015 1542 1117 1603 fauces

103 1631 272 1710 videantur,
302 1629 399 1690 alvum
427 1630 603 1692 subtrahere
632 1631 770 1711 clysterio
799 1630 950 1709 oportebit
977 1640 1029 1691 ant
1052 1649 1117 1690 san-

102 1722 223 1798 gninem
251 1721 387 1780 emittere
416 1719 452 1780 de
482 1719 603 1780 brachio
627 1721 673 1780 vel
702 1719 758 1780 sub
781 1719 882 1797 lingua
905 1737 1008 1779 vonam
1032 1737 1116 1799 prae·

103 1808 211 1868 cidere.
242 1807 407 1888 Thymbrae
427 1827 464 1868 ex
482 1827 556 1887 aqna
576 1816 677 1869 coctae
696 1808 742 1868 vel
760 1810 837 1868 aceti
856 1826 946 1886 vapor
960 1826 1014 1887 per
1028 1826 1115 1869 arun·
1135 1817 1171 1867 4ο

104 1895 203 1956 dinem
231 1915 282 1956 ore
310 1906 451 1975 receptus
479 1897 602 1975 prodest
630 1897 665 1957 ad
690 1906 823 1957 tumores
847 1898 908 1956 oris
932 1904 963 1957 et
985 1899 1116 1975 gutturis

62 1999 89 2039 ao
105 1991 135 2044 et
158 1984 295 2046 faucium.
328 1985 490 2064 Origannm
513 1987 617 2046 tritum
641 2004 709 2046 cnm
728 1985 815 2045 melle
834 1987 996 2063 inpositum
1015 1986 1115 2046 ulcera
1134 1993 1170 2042 41

104 2074 165 2133 oris
187 2083 295 2153 purgat
317 2092 373 2134 nec
396 2075 509 2153 patitur
532 2092 565 2133 ea
589 2074 706 2152 longius
734 2091 869 2154 serpere3
903 2081 1022 2134 coctum
1046 2092 1116 2133 vero

103 2181 171 2223 cum
200 2181 276 2241 aqua
304 2171 334 2223 et
362 2163 443 2223 arida
467 2163 526 2223 ficu
550 2170 638 2241 atque
662 2162 785 2222 adsidue
809 2161 1018 2241 gargalizatnm
1046 2162 1116 2222 facit

101 2258 132 2311 et
157 2251 192 2311 ad
217 2251 272 2310 alia
296 2253 374 2331 vitia,
397 2250 427 2311 id
452 2260 497 2312 est
521 2251 556 2312 ad
580 2253 717 2329 anginam
741 2259 771 2312 et
793 2251 924 2330 linguam
948 2251 1115 2331 sideratam,

102 2339 182 2418 quod
206 2357 300 2417 genus
324 2339 421 2400 morbi
443 2340 549 2400 Graeci
571 2339 719 2419 paralysin
743 2348 857 2400 vocant.
895 2339 1115 2401 Sorbitionibus
1133 2346 1169 2396 41

60 2442 87 2483 aa
102 2429 147 2488 nti
171 2427 320 2507 oportebit
343 2447 407 2510 eoa,
432 2431 484 2508 qui
508 2428 544 2489 de
567 2448 623 2490 uva
647 2436 677 2489 et
700 2428 835 2490 faucibus
858 2428 1006 2510 laborant,
1030 2430 1116 2490 factis

102 2535 138 2576 ex
162 2515 273 2596 amulo,
302 2518 409 2596 tisana,
439 2536 538 2597 oryza,
567 2517 653 2598 alica,
679 2518 772 2578 farina
796 2520 926 2598 triticea,
953 2517 1017 2578 faba
1042 2518 1116 2599 alba,

102 2607 198 2666 urtica
226 2614 328 2665 tenera
357 2624 424 2666 cnm
452 2605 528 2666 lacte
556 2606 690 2685 decocta3
719 2606 826 2667 deinde
855 2625 923 2668 cnm
951 2625 987 2667 ex
1018 2607 1116 2687 aliqua

101 2703 186 2772 parte
209 2693 333 2754 relevati
355 2694 476 2776 fuerint,
498 2703 563 2756 tum
586 2697 632 2754 uti
655 2696 718 2755 ovis
742 2694 902 2756 sorbilibus
926 2695 1043 2756 debent.

191 2782 234 2842 Ad
263 2801 335 2843 uvas
363 2780 486 2843 callos'as
514 2791 544 2842 et
571 2784 696 2842 nimium
719 2791 870 2843 tumentes
893 2785 1018 2844 mirifica
1041 2784 1114 2844 haee
1133 2792 1170 2840 43

59 2885 86 2926 ae
102 2874 278 2950 compositio
306 2878 365 2951 est,
392 2871 463 2931 facit
491 2878 521 2930 et
548 2869 583 2928 ad
612 2880 711 2930 cetera
739 2870 869 2930 faucium
897 2879 927 2930 et
950 2873 1012 2931 oris
1035 2874 1115 2952 vitia,

101 2967 148 3020 est
171 2967 269 3020 autem
293 2960 382 3019 haec:
418 2959 503 3018 Aeris
527 2956 610 3016 floris
633 2955 717 3038 llll,
741 2957 907 3017 chalcitidis
929 2956 1015 3038 llll,
1039 2961 1115 3036 picis

100 3047 230 3127 liquidae
259 3048 406 3128 cyathum.
452 3045 598 3125 (loquitur
625 3047 688 3124 pix,
718 3044 812 3105 donec
842 3047 957 3106 amittat
984 3045 1116 3128 odorem,

49 3129 52 3134 ’
100 3137 209 3197 deinde
233 3138 403 3198 adiciuntur
426 3138 454 3197 ei
478 3134 572 3196 mellis
595 3133 693 3213 cyathi
716 3152 767 3194 sex
791 3141 880 3212 atque
904 3135 1013 3194 iterum
1035 3143 1115 3196 ntra-

101 3244 160 3304 que
192 3229 284 3286 mixta
316 3226 534 3306 infervescunt3
566 3231 635 3304 post
667 3223 724 3283 hoc
755 3222 882 3283 adicitur
909 3223 970 3282 vini
998 3223 1117 3285 Aminei

174 3361 383 3416 tordeaoeam.
465 3361 629 3415 8mnlsam.
713 3365 745 3414 10
764 3357 930 3414 arundinini.
1018 3357 1114 3415 salliti.

100 3438 136 3558 {g
155 3431 275 3571 {galima
292 3431 350 3488 elie
367 3448 417 3488 om.
482 3438 517 3486 24
535 3431 678 3502 paralisim
742 3436 776 3486 26
796 3431 878 3484 oriza.
947 3436 981 3487 32
1000 3429 1118 3489 11111111.
