2438 3802
526 183 563 192 -
613 145 678 211 ato
722 181 766 219 ,-

137 327 198 370 non
222 316 341 370 austero
364 308 522 370 molliendo
546 311 644 370 ventri
661 307 823 388 plurimum
841 313 977 387 prosunt,
1001 307 1028 367 si
1048 311 1082 366 ct
1100 307 1160 384 ipsi

137 399 356 460 manducentur
384 407 414 460 et
441 400 489 459 ius
516 396 590 458 illud
617 396 738 458 bibatur
765 404 833 457 ante
861 395 975 476 cihum,
1008 401 1044 455 ut
1076 397 1160 454 inter

137 488 296 568 prandium
320 496 350 548 et
373 505 476 548 cenam
500 485 597 546 alvum
620 485 727 546 leniter
750 485 870 546 molliat.

102 592 119 640 3
228 576 315 637 Ovilli
333 575 418 636 lactis
437 577 566 635 sextario
585 577 611 635 si
630 577 698 654 quis
712 575 820 635 adiciat
833 575 911 635 cnici
925 573 1046 651 purgati
1062 571 1091 632 X
1105 570 1160 631 llll

139 675 169 728 et
192 667 358 726 discoctum
380 666 422 724 ita
445 662 556 743 ebibat,
584 663 697 724 molliet
719 671 861 724 ventrem.
903 660 1030 732 Quidam
1054 661 1183 722 trihusa

138 754 267 815 heminis
290 754 351 812 vini
374 752 507 812 adiciunt
530 752 609 813 aloes
633 752 659 813 ll
682 754 836 813 semissem
862 759 892 812 et
914 753 955 811 ita
978 757 1080 810 totum
1104 767 1159 829 per

138 850 238 920 partes
262 859 337 919 aqua
361 842 486 901 mixtum
509 840 628 921 bibunt,
656 849 691 902 ut
717 841 851 901 molliant
874 847 1015 900 ventrem.
1062 839 1160 900 Solvit

139 938 238 990 autem
261 930 358 990 alvum
382 928 495 990 utiliter
518 932 583 1009 ipsa
606 930 669 990 aloe
687 948 742 1009 per
761 948 794 990 se
817 930 964 991 victoriati
989 923 1092 1006 (rel),
1109 929 1159 988 de·

139 1020 216 1078 narii
238 1018 371 1097 pondere
394 1037 430 1079 ex
450 1036 543 1098 aquae
562 1019 675 1099 cyathis
694 1018 792 1079 tribus
810 1018 857 1079 vel
875 1017 999 1096 frigidae
1018 1017 1068 1077 rel
1088 1017 1158 1078 cali·

140 1107 194 1167 dae
218 1114 345 1186 epotata.
753 1138 756 1143 ·
1173 1124 1197 1164 ro

103 1209 121 1256 4
228 1195 339 1275 Purgat
362 1199 473 1276 optime
497 1204 631 1257 ventrem
654 1194 821 1256 chamelaea
848 1194 953 1275 hecha,
980 1212 1057 1272 quae
1088 1195 1160 1255 folia

140 1285 246 1346 similia
270 1285 362 1346 olivae
385 1285 484 1366 hahet,
508 1303 635 1364 quorum
659 1286 791 1364 quinque
815 1284 861 1345 vel
882 1302 934 1344 sex
953 1283 1016 1343 dari
1036 1291 1160 1361 oportet

139 1375 210 1434 trita
239 1392 274 1434 ex
303 1393 395 1453 aquae
424 1373 536 1434 mulsae
565 1373 678 1453 cyathis
709 1380 851 1451 quattuor
880 1371 1017 1450 frigidae,
1051 1375 1080 1432 si
1110 1372 1158 1433 ad-

140 1470 244 1523 suetus
268 1464 338 1543 erit,
363 1464 411 1523 cui
434 1462 566 1522 remedio
590 1479 665 1542 opus
689 1469 744 1544 est,
767 1464 813 1522 sin
836 1463 944 1540 minuo,
968 1458 1084 1520 calidae
1110 1461 1158 1521 ad·

104 1553 218 1612 siecto
242 1550 312 1611 salis
335 1550 488 1630 cochari03
511 1549 642 1611 detrahit
664 1553 744 1611 enim
766 1549 888 1628 largiter
906 1548 1004 1609 hilern.
1042 1548 1160 1629 Purgat
1174 1566 1198 1607 15

140 1639 216 1700 hene
235 1639 333 1699 alvum
352 1639 438 1700 filicis
457 1638 541 1698 radix
559 1639 619 1699 lota
640 1647 670 1699 et
688 1657 754 1699 rasa
774 1646 862 1718 atque
881 1640 913 1698 in
930 1638 1070 1698 minimas
1091 1657 1158 1718 par-

140 1727 246 1789 ticulas
270 1729 389 1788 concisa
413 1727 449 1787 ad
473 1729 655 1788 semunciam
676 1735 760 1788 aceto
779 1745 908 1806 aspersa,
932 1726 1040 1787 deinde
1061 1735 1158 1808 cocta,

140 1825 174 1877 ut
198 1816 273 1877 solet
295 1815 383 1877 holus
406 1817 507 1895 coqui,
536 1825 566 1876 et
593 1818 634 1876 ita
658 1835 726 1876 cum
749 1819 834 1895 panis
857 1817 945 1876 tancia
968 1827 1157 1896 consumpta.

104 1919 120 1966 o
229 1905 340 1984 Purgat
355 1904 431 1965 hene
445 1904 519 1965 haec
533 1907 698 1984 conpositio
713 1913 860 1966 ventrem:
876 1904 962 1964 siloes
974 1903 998 1963 ll
1010 1907 1157 1985 semissis,

141 1993 339 2072 colophonii}
355 1992 389 2074 S;
407 2012 466 2055 una
483 2001 624 2054 teruntur
637 1993 720 2073 haec,
735 1994 862 2054 adicitur
877 1992 971 2053 mellis
986 1993 1067 2072 quod
1083 1997 1157 2055 satis
1171 2011 1198 2050 ao

140 2085 180 2143 sit
194 2081 229 2143 ad
245 2081 409 2161 colligenda
423 2102 465 2144 ea.
495 2081 589 2144 Datur
604 2101 640 2144 ex
655 2101 748 2162 aquae
763 2082 874 2143 calidae
888 2081 935 2142 vel
949 2081 1075 2161 frigidae
1091 2102 1157 2164 cya-

140 2171 200 2232 this
223 2170 286 2231 llll.
323 2170 386 2232 Hoc
409 2171 658 2233 medicamentum
682 2171 867 2233 stomachum
890 2189 951 2232 non
975 2172 1157 2252 conrumpit.

105 2274 120 2321 7
230 2259 348 2320 Globuli
371 2261 495 2321 mirifice
513 2268 675 2339 purgantes
694 2269 838 2340 ventrem,
861 2262 914 2341 qui
930 2267 965 2320 ut
984 2269 1158 2340 sumuntur,

139 2351 180 2410 ita
203 2351 313 2427 integri
332 2348 502 2410 deiciuntur
520 2367 576 2409 nec
595 2349 716 2409 laedunt
735 2347 928 2427 stomachum,
952 2349 1158 2412 coniiciuntur

140 2441 196 2500 sic:
225 2436 389 2517 Colophoni
412 2436 437 2496 ll
456 2436 523 2516 llll,
546 2436 671 2497 bidellae
694 2436 778 2518 llll,
802 2439 930 2515 gummis
955 2437 1032 2498 llll.
1074 2438 1198 2500 Haecas

139 2529 210 2587 trita
232 2527 365 2587 lactucae
390 2544 461 2586 suco
486 2525 666 2604 colliguntur
689 2533 719 2586 et
742 2526 895 2604 finguntur
914 2526 1022 2604 pilulae
1042 2531 1156 2606 magni-

140 2616 242 2676 tudine
276 2615 372 2696 iabae,
405 2614 513 2674 dantur
542 2632 559 2673 a
586 2613 684 2674 trihus
711 2613 811 2693 pilulis
840 2631 936 2694 usque
964 2615 1000 2675 ad
1029 2624 1157 2697 septem,

140 2711 229 2782 prout
252 2707 398 2783 cuiusque
421 2705 499 2764 vires
522 2704 681 2782 patientur.

103 2803 121 2850 8
230 2791 360 2872 Globuli,
389 2794 441 2872 qui
468 2794 556 2852 etiam
580 2794 698 2853 cenanti
721 2792 830 2853 dantur
853 2799 883 2851 et
907 2791 1042 2852 efficiunt
1068 2811 1157 2854 mane

140 2881 253 2941 ventris
272 2881 467 2942 deiectionem
487 2890 631 2960 quantum
650 2883 721 2943 satis
740 2883 787 2961 sit,
807 2883 863 2942 sie:
882 2880 1047 2958 Colophoni
1066 2879 1156 2961 lllll,
1170 2899 1198 2938 eo

139 2968 219 3029 aloes
247 2976 277 3030 et
304 2970 489 3049 tragacanthi
521 2969 620 3052 binos,
652 2970 709 3031 hoc
738 2970 834 3048 pridie
867 2987 943 3047 aqua
975 2977 1156 3050 maceratur,

139 3065 260 3136 postero
288 3057 336 3118 die
364 3061 473 3119 ceteris
501 3058 695 3138 admiscetur;
727 3059 803 3119 fiunt
832 3057 901 3117 inde
929 3056 1041 3136 globuli
1070 3057 1156 3120 labae

140 3146 351 3227 magnitudine,
375 3147 483 3207 dantur
504 3165 520 3206 a
539 3147 636 3207 trihus
655 3165 750 3226 usque
770 3147 805 3207 ad
824 3145 889 3205 Vll·
881 3155 1039 3227 ,prosunt
1062 3147 1156 3245 pluri·

139 3252 221 3294 mum
246 3236 344 3295 ventri
367 3240 397 3295 et
420 3234 605 3295 stomachum
628 3235 710 3295 nullo
733 3235 821 3295 modo
845 3243 960 3295 vexant.

229 3369 356 3424 iventri
374 3369 544 3440 Stephanus:
562 3371 666 3425 ventre.
757 3368 980 3495 lcnicikeicni.
1072 3371 1157 3426 8vel

139 3441 238 3495 addida
256 3457 270 3494 e
288 3439 410 3496 Scrabon.
492 3445 525 3496 18
544 3440 657 3509 quoqui.
739 3447 773 3496 20
793 3440 874 3511 colop
897 3456 979 3496 omae
1000 3439 1157 3498 Cornum

134 3524 246 3580 semper
321 3516 356 3567 29
375 3509 481 3568 cenatis
500 3511 625 3568 Scrihon
