2438 3802
511 119 753 184 -238-

129 291 159 344 et
187 301 285 362 panno
313 282 469 343 inductum
498 301 589 361 super
617 282 750 361 splenem
778 283 911 361 inponito
935 289 965 342 et
988 300 1047 342 una
1071 283 1150 344 hora

128 373 255 433 calidum
279 371 389 432 habere
412 373 566 451 permitte,
594 373 721 431 maximo
746 389 814 430 eum
837 370 970 450 periculo
993 370 1151 453 liberabis,

129 464 154 522 si
177 463 296 540 saepius
319 461 349 520 id
373 460 489 520 leceris.

74 562 107 610 39
216 550 282 610 Alei
303 550 423 628 purgati
445 550 541 626 capita
560 549 626 628 tria,
645 548 740 628 adipis
758 550 898 627 porcinae
918 550 1042 608 nimium
1062 557 1149 610 vetu-

128 648 221 700 statae
244 638 275 698 P.
300 655 393 697 unum
417 635 505 696 simul
529 645 667 697 conteres
686 645 716 698 et
738 655 835 715 panno
854 637 978 698 induces
1002 645 1032 697 et
1051 654 1179 716 supras

127 727 260 788 dolorem
283 725 370 785 lienis
394 727 520 804 inpones
544 735 573 785 et
596 725 684 785 fascia
709 725 878 804 conligabis.

73 827 108 874 40
217 814 314 893 Conii,
342 813 372 873 id
397 821 443 874 est
466 815 595 894 cioutae,
617 814 727 875 radicis
752 814 914 896 Panum,
942 814 1036 892 adipis
1061 822 1148 876 vetu-

128 911 220 963 statae
240 902 373 962 hircinae
392 902 424 962 P.
443 920 547 985 unum,
565 902 621 963 alei
639 905 759 982 purgati
777 903 809 965 P.
828 921 930 978 unum,
950 902 1007 963 olei
1026 903 1148 964 cedrini

127 991 158 1051 P.
182 1009 276 1051 unum
299 990 388 1051 simul
411 1000 490 1052 teres
514 998 544 1052 et
566 1010 661 1070 genus
684 992 866 1070 malagmatis
890 992 981 1052 facies
1001 1000 1032 1052 et
1050 1010 1147 1071 supra

128 1079 261 1158 splenem
288 1079 422 1158 alligabis
449 1098 505 1141 nec
534 1087 602 1141 ante
631 1089 770 1159 quartum
798 1081 876 1141 diem
900 1080 1009 1161 solves3
1037 1084 1188 1142 certis-10

127 1171 232 1229 simam
255 1170 333 1229 scies
355 1168 432 1230 banc
456 1187 521 1230 esse
544 1169 730 1230 medicinam.

73 1267 106 1315 41
217 1256 369 1337 Optimum
393 1257 489 1338 spleni
511 1258 677 1319 remedium
696 1257 753 1317 tale
773 1265 831 1318 est:
855 1257 1016 1318 Gentianae
1035 1265 1145 1319 tunsae

127 1346 300 1408 cocliarium
328 1347 497 1427 dimidium,
530 1346 606 1407 fellis
639 1354 736 1408 terrae
767 1354 873 1407 tunsae
905 1345 1043 1407 cocliaria
1075 1349 1145 1429 tria,

128 1435 248 1496 feniculi
271 1437 355 1495 tunsi
377 1435 503 1495 cocliare
527 1454 619 1496 unum
644 1443 674 1496 et
696 1435 852 1496 dimidium
875 1433 960 1495 bibes
984 1454 1019 1495 ex
1042 1437 1144 1515 picato

126 1543 209 1585 mero
232 1523 279 1584 vel
302 1525 388 1602 nigro
413 1531 532 1583 austero
556 1524 716 1605 tepefacto,
744 1527 785 1584 ita
810 1531 844 1584 ut
868 1523 1026 1602 diligenter
1049 1543 1143 1604 supra
1159 1540 1185 1581 15

126 1615 255 1692 scriptae
284 1613 400 1691 species
429 1611 575 1672 cribratae
603 1614 635 1671 in
661 1613 801 1691 pollinem
831 1613 1005 1692 redigantur
1038 1620 1068 1673 et
1098 1616 1143 1674 sic

126 1703 372 1781 permisceantur.

71 1799 106 1848 42
214 1789 340 1850 Rubiam
363 1788 500 1869 herbam,
529 1807 586 1868 qua
609 1789 771 1850 infectores
794 1798 934 1872 utuntur,
956 1798 1080 1852 tunsam
1104 1809 1142 1851 ex

125 1881 222 1958 picato
242 1878 288 1939 rel
307 1887 427 1940 austero
446 1877 493 1938 vel
511 1880 596 1957 nigro
615 1880 684 1940 vino
703 1886 754 1939 aut
774 1898 809 1939 ex
828 1898 917 1958 posca
932 1878 1016 1939 dabis
1035 1878 1141 1940 biben-

126 1967 193 2027 dam
220 1969 320 2028 ieiuno
349 1967 504 2047 splenitico
533 1967 727 2046 amplitudine
758 1970 844 2028 nucis
875 1967 1036 2048 avellanae,
1068 1987 1140 2029 con·
1155 1981 1183 2021 20

125 2057 223 2118 testim
246 2057 389 2135 proderit.

71 2153 105 2203 43
213 2144 374 2206 Laudabile
398 2144 562 2225 spleniticis
586 2145 752 2206 remedium
775 2147 831 2208 sio:
856 2144 976 2206 Hieram
1000 2144 1140 2228 botanen,

126 2252 201 2313 quae
224 2233 354 2294 verbena
377 2233 550 2314 appellatur,
574 2234 723 2294 contunde
748 2253 816 2295 cum
840 2236 966 2313 axungia
988 2241 1088 2295 vetere
1109 2243 1140 2297 et

125 2323 277 2382 inductam
300 2324 331 2381 in
354 2339 452 2400 panno
476 2321 542 2381 albo
567 2321 676 2382 mundo
704 2324 813 2401 inpone
837 2322 1007 2405 splenitico;
1035 2323 1138 2385 dolore

126 2409 227 2469 sedato
251 2408 366 2469 videbis
389 2411 584 2488 sanguineum
606 2409 714 2489 locum,
736 2412 767 2470 in
791 2429 850 2489 quo
874 2412 958 2472 dolor
981 2413 1080 2474 luerit.
1152 2424 1180 2466 2⁶

71 2506 106 2556 44
215 2495 301 2556 Solea
323 2499 414 2575 piscis
437 2497 534 2575 spleni
557 2499 710 2575 inponitur
729 2498 775 2558 vel
794 2500 917 2578 torpedo
941 2501 987 2562 vel
1005 2501 1138 2583 rombus,

125 2584 177 2645 sed
200 2585 348 2663 inpositus
371 2604 492 2646 rursum
515 2587 599 2646 virus
621 2587 653 2646 in
676 2604 757 2647 mare
780 2591 928 2670 mittatur,
951 2593 1026 2651 mire
1049 2592 1138 2670 prod-

70 2682 105 2732 45
125 2669 179 2734 est.
213 2671 271 2744 Qui
294 2674 416 2734 cottidie
439 2677 557 2735 ieiunus
581 2692 682 2736 serum
703 2695 877 2760 caprunum,
897 2679 949 2739 sed
969 2698 1072 2740 earum
1090 2699 1137 2752 ca:

124 2760 278 2844 pellarum,
297 2781 372 2842 quae
391 2763 500 2824 hedera
513 2773 687 2845 pascuntur,
706 2764 824 2848 biberit,
844 2766 945 2847 splene
960 2777 1137 2848 consumpto

70 2859 104 2909 46
124 2853 190 2914 erit.
215 2851 439 2913 Sarmentorum
458 2853 534 2913 cinis
554 2856 630 2915 aceti
649 2854 763 2934 cyathis
782 2855 897 2917 duobus
917 2875 1058 2935 aspersus
1073 2876 1136 2918 rec·
1151 2869 1178 2910 ⁸0

70 2947 104 2999 47
124 2943 238 3002 tissime
258 2941 371 3002 lienoso
390 2944 491 3003 ieiuno
511 2960 547 3003 ex
566 2961 642 3022 aqua
657 2945 756 3022 tepida
770 2945 857 3006 datur
872 2944 1027 3006 bibendus.
1052 2945 1137 3006 Cani-

124 3049 181 3092 nus
205 3030 289 3109 splen
311 3049 417 3092 recens
436 3050 527 3112 supra
546 3031 679 3110 splenem
697 3033 826 3093 hominis
844 3036 998 3112 inponitur
1018 3034 1137 3096 dicente

124 3138 172 3200 eo,
197 3122 248 3198 qui
272 3120 406 3201 adponit,
429 3120 594 3181 remedium
618 3139 650 3181 se
673 3120 770 3200 spleni
793 3121 899 3203 lacere,
924 3131 1028 3201 postea
1051 3123 1137 3202 splen

212 3271 411 3342 apericulum.
506 3277 684 3343 4puroinae.
783 3274 934 3331 vetustate.
1035 3281 1068 3330 18
1092 3295 1137 3332 ro-

122 3341 207 3396 biam.
324 3348 358 3398 28
387 3359 479 3398 serum
508 3343 670 3414 caprimum]
699 3359 795 3398 ervum
818 3345 910 3414 Ptin,
942 3351 972 3401 at
999 3348 1033 3414 cf.
1058 3348 1134 3404 Ptin.

122 3415 253 3481 441428,
274 3419 333 3468 180.
424 3419 457 3467 at
479 3414 629 3470 alienoso.
708 3414 745 3469 da
762 3414 924 3471 bibendum.
1003 3416 1135 3491 caninus]

121 3481 239 3554 pecudis
257 3483 332 3538 Plio.
