2438 3802
530 142 772 207 -204-

28 370 30 375 ,
95 322 127 370 tr
148 306 266 367 Urticae
297 339 334 348 -
361 305 413 385 lll,
446 308 499 366 iris
528 305 696 365 Calidoniae
727 337 764 347 -
794 303 847 381 lll,
879 303 1001 363 schoeni
1030 333 1069 346 -
1101 303 1166 384 llll,

149 399 249 476 cyperi
272 429 315 438 —
334 394 387 477 lll,
416 413 546 472 maginae
573 428 611 436 -
632 393 685 474 lll,
713 393 879 473 petrosilini
905 425 943 434 —
968 390 1035 472 llll,
1063 393 1165 452 inulae

147 518 192 528 -
210 484 245 564 ll,
268 487 381 562 piperis
405 483 463 543 albi
489 516 525 524 -
547 482 582 542 ll.
624 482 709 542 Melle
734 481 854 559 colliges
877 480 950 540 haec
974 483 1072 540 omnia
1092 483 1165 542 trita

149 583 179 634 et
198 575 292 634 uteris
311 574 452 650 oxyporio
472 573 583 648 optimo
603 572 640 631 ad
658 570 861 649 digerendum,
875 569 957 629 unde
972 572 1063 629 etiam
1077 588 1165 629 cena-

96 675 129 723 78
149 673 198 723 tus
226 679 331 739 parum
360 661 495 738 accipies.
542 659 615 720 Cum
643 669 673 720 te
699 663 729 719 in
753 659 829 718 lecto
853 659 1002 738 posueriS,
1027 668 1191 718 ventremo

149 759 233 809 turini
253 749 417 825 perfricans
437 748 518 807 dices
537 757 596 809 ter:
619 748 721 827 Lupus
743 748 804 807 ibat
823 765 875 825 per
895 748 980 826 viam,
1002 765 1058 824 per
1077 750 1166 807 semi-

150 849 218 910 tam,
242 835 334 896 cruda
356 835 486 915 vorabat,
508 836 620 914 liquida
643 837 776 916 bibebat,
803 836 958 914 physicum
981 835 1037 893 hoe
1063 835 1099 895 ad
1124 835 1167 896 di·

99 939 132 986 79
153 924 316 1002 gerendum
340 924 376 983 de
401 927 604 1003 experimento
628 928 699 985 satis
723 926 804 986 utile.
839 923 975 984 Puleium
999 931 1029 982 et
1048 933 1166 985 nastur-

153 1015 232 1072 cium
257 1032 292 1072 ex
316 1032 392 1091 aqua
415 1013 502 1073 simul
526 1014 682 1074 decoctum
705 1032 790 1073 mane
814 1012 895 1093 hibe,
924 1012 1095 1072 emendabis
1120 1013 1168 1072 vel

97 1115 132 1163 80
152 1102 295 1161 discuties
315 1101 499 1161 cruditatem.
537 1101 672 1172 Quercus
686 1102 789 1162 viridis
805 1101 872 1161 folia
888 1119 956 1161 cum
971 1101 1040 1160 salis
1060 1119 1167 1180 spuma
1182 1119 1206 1158 1o

98 1204 131 1252 81
153 1193 280 1251 contrita
304 1199 334 1250 et
352 1193 437 1268 potui
455 1190 521 1250 data
541 1191 707 1251 remediant
725 1191 911 1250 eruditatem.
941 1191 1070 1249 Acorum
1090 1190 1168 1250 Pon·

150 1282 244 1340 ticum
267 1282 370 1339 tritum
395 1298 432 1339 ex
455 1298 530 1358 aqua
553 1280 647 1340 calida
671 1286 773 1357 potum
798 1296 937 1338 mensura
956 1279 1053 1356 cyathi
1076 1282 1168 1339 unius

151 1370 246 1428 ieiuni
269 1368 454 1428 stomachum
478 1370 574 1428 reficit
597 1368 743 1428 cruditate
767 1367 897 1446 depulsa.

99 1469 132 1519 82
241 1455 304 1535 llis,
323 1459 375 1534 qui
393 1475 448 1515 nec
462 1465 536 1534 potu
550 1459 690 1517 iuvantur
705 1475 760 1516 nec
775 1456 841 1516 ciho
857 1463 887 1514 et
901 1455 1047 1514 stomachi
1061 1465 1168 1516 ructus

152 1563 268 1605 amaros
291 1547 454 1623 patiuntur,
479 1552 676 1624 centauream,
700 1545 730 1604 id
755 1553 801 1604 est
819 1543 858 1603 sel
877 1552 983 1622 terrae,
1007 1547 1168 1604 contritam
1183 1560 1208 1599 15

152 1634 188 1693 ad
204 1651 373 1692 mensuram
388 1633 502 1692 denarii
516 1635 650 1710 argentei
664 1652 698 1692 ex
714 1651 807 1711 aquae
822 1632 932 1693 calidae
943 1632 1056 1710 cyathis
1069 1632 1169 1693 trihus

152 1721 310 1781 hiheudam
327 1723 436 1781 ieiunis
455 1739 509 1799 per
522 1721 655 1781 triduum
670 1721 762 1794 dahis',
782 1723 880 1781 statim
895 1721 1073 1781 discutietur
1087 1723 1169 1781 infir·

99 1822 133 1870 83
152 1813 248 1870 milas
273 1809 384 1870 Sucum
400 1809 537 1891 absinthi,
552 1828 639 1888 quem
655 1809 760 1870 Graeci
774 1810 880 1889 chylon
892 1809 1042 1869 absinthiu
1053 1819 1171 1888 vocant,

154 1899 300 1959 avellanae
328 1899 530 1976 magnitudine
558 1902 589 1958 in
619 1917 712 1978 aquae
741 1899 851 1959 calidae
884 1900 1033 1976 quartario
1064 1898 1169 1958 hiben-

154 1988 223 2051 dum
248 1988 284 2046 da
303 1989 416 2069 ieiuuo;
436 1995 631 2067 componetur
656 1988 826 2048 stomachus
850 1994 879 2047 et
903 1987 1103 2064 adpetentiam
1126 1991 1167 2048 ci·
1183 2002 1207 2041 so

153 2077 260 2136 horum
283 2076 416 2158 habehit,
440 2080 575 2156 quisquis
599 2079 729 2155 patietur
752 2094 788 2136 ex
811 2077 982 2136 infirmitate
1006 2075 1168 2137 fastidium.

100 2176 134 2224 84
243 2164 424 2242 Oxyporium
448 2169 557 2225 mirum
581 2165 783 2226 Neronianum
806 2167 949 2224 aestivum
978 2172 1008 2224 et
1031 2164 1169 2246 hiemale,

154 2256 179 2312 si
199 2255 226 2312 ei
246 2271 314 2311 cum
334 2253 463 2313 volueris
482 2256 594 2331 piperis
613 2253 724 2330 aliquid
743 2254 897 2333 adieceris,
917 2254 995 2331 quod
1015 2253 1168 2314 fastidium

155 2340 299 2400 stomachi
323 2358 546 2417 marcoremque
571 2341 711 2421 detergit,
739 2343 897 2403 coniicitur
925 2345 981 2402 sic:
1013 2342 1047 2401 ln
1075 2345 1169 2403 musti

153 2429 284 2486 recentis
308 2435 338 2486 et
361 2427 457 2488 dulcis
476 2430 581 2505 congio
601 2447 636 2488 ex
656 2433 720 2489 uvis
739 2430 814 2490 albis
833 2432 903 2490 lacti
922 2441 1010 2509 atque
1028 2433 1060 2489 in
1079 2431 1208 2490 ollamus

154 2515 295 2592 grandem
319 2518 403 2575 missi
426 2516 576 2576 adduntur
599 2517 729 2596 cydonea
753 2518 776 2576 V
800 2538 860 2578 non
883 2528 1006 2598 purgata
1030 2519 1167 2579 totidem·

156 2621 213 2682 que
236 2603 311 2663 mala
334 2603 459 2685 Punica,
487 2604 606 2665 additur
629 2614 659 2666 et
682 2606 839 2667 sorborum
863 2617 1048 2668 maturorum
1072 2615 1167 2668 sexta-

155 2693 219 2752 rius
243 2700 272 2751 et
295 2693 369 2754 rhus
393 2693 506 2772 Syriaci
530 2697 690 2775 sextarius,
714 2698 795 2757 croci
819 2696 975 2774 scripulus.
1017 2695 1096 2756 Haec
1120 2714 1167 2756 co·

156 2791 289 2859 quuutur
313 2801 408 2861 usque
432 2783 468 2843 ad
492 2784 720 2845 erassitudinem
743 2784 852 2865 mellis,
882 2793 985 2863 postea
1009 2785 1168 2863 diligenter

156 2871 304 2953 colantur,
323 2876 488 2952 repositum
507 2873 691 2935 medicamen
710 2880 844 2934 servatur
863 2875 894 2932 in
913 2876 989 2934 vitro
1009 2877 1168 2954 signatum,
1183 2890 1208 2928 ao

156 2960 208 3021 sed
232 2965 352 3022 omnino
376 2963 534 3041 diligenter
557 2963 699 3040 colatum,
726 2971 760 3022 ut
788 2972 976 3022 excrementa
1000 2966 1097 3022 omnia
1122 2981 1167 3023 se-

154 3059 313 3132 parentur,
337 3052 406 3111 inde
430 3053 517 3112 datur
540 3053 639 3111 ieiuno
662 3050 751 3128 ligula
771 3051 856 3127 plena
876 3051 1003 3128 grandis.
1038 3049 1101 3110 Hoc
1122 3061 1168 3111 est

156 3142 339 3218 oxyporium,
359 3140 438 3218 quod
457 3141 535 3199 Nero
555 3138 695 3199 utebatur
714 3138 749 3198 ad
769 3139 973 3219 digestionem,
993 3139 1072 3218 qtrod
1091 3139 1167 3199 Mar-

156 3227 248 3287 cellus
270 3229 404 3288 medicus
428 3229 565 3305 egregius
589 3226 726 3307 ostendit,
751 3227 829 3306 quod
854 3236 884 3287 et
907 3245 961 3287 nos
985 3247 1042 3288 usu
1061 3227 1166 3306 proba·

247 3431 446 3486 toalidoniee.
519 3432 621 3487 scoeni.
699 3431 823 3486 abibat.
900 3431 1166 3501 8experimentum.

155 3507 188 3554 13
207 3501 315 3557 refecit,
390 3507 423 3554 18
441 3500 607 3556 absentium.
670 3503 848 3572 taetrum]
868 3501 966 3558 tribus.
1022 3503 1167 3573 seripolus.
