2438 3802
504 144 719 208 ..ss0-

104 311 135 369 in
163 310 265 369 initiis.
302 307 434 387 Namque
463 306 585 386 prodest
612 306 669 367 hoc
697 325 820 387 genere,
849 306 927 386 quod
956 325 991 366 ex
1016 307 1119 367 eadem

103 399 227 458 materia
251 404 375 477 constat,
400 413 473 476 quae
498 396 608 456 nullam
632 396 847 474 aspritudinem
867 394 964 476 habet,
989 396 1119 474 quando-

105 487 224 566 quidem
244 487 423 565 conpouitur
442 503 476 545 ex
497 487 578 545 croci
599 483 625 544 Χ
644 483 676 564 V,
701 483 878 544 sarcocollae
897 484 923 543 Χ
942 483 980 563 Χ,
1005 484 1120 563 glaucei

105 577 169 636 suci
193 574 218 634 Χ
238 573 305 655 llll,
333 573 518 652 tragacanthi
541 573 566 633 Χ
585 572 608 631 V
632 581 662 633 et
685 575 734 651 opi
754 572 779 632 Χ
797 572 829 633 V.
875 572 938 633 Hoc
962 575 1039 633 enim
1064 592 1118 651 ego

104 664 199 724 adicio
228 672 258 724 et
285 665 327 724 ita
349 662 455 723 melius
478 662 647 740 respondet.
695 661 751 721 Sed
776 663 876 740 opium
901 670 931 722 et
954 663 984 721 in
1008 662 1065 722 hoc
1089 671 1147 722 ets

104 755 135 812 iu
154 755 235 812 omni
254 752 374 831 collyrio
394 751 669 830 medicamentoque
684 769 787 811 verum
802 750 879 810 adici
894 758 1020 832 oportet,
1040 751 1119 829 quod

105 860 139 901 ex
164 841 239 901 lacte
263 843 327 919 ipso
351 843 505 919 papaveris
529 839 653 900 silvatici
677 841 808 917 capitum
832 841 877 920 fit,
900 858 960 899 non
984 858 1019 899 ex
1047 858 1119 900 suco

105 929 243 990 loliorum
267 931 345 1010 eius,
368 937 403 989 ut
421 931 574 989 institores
597 928 723 989 huiusce
749 930 793 988 rei
817 928 975 1006 conpendii
994 936 1024 988 et
1043 928 1120 988 lucri

106 1036 193 1079 causa
221 1018 346 1098 faciunt3
375 1017 447 1078 illud
476 1021 555 1078 enim
581 1036 649 1078 cum
673 1034 778 1095 magno
802 1016 903 1077 labore
927 1024 957 1077 et
980 1020 1119 1095 exiguum

106 1107 271 1187 conficitur,
297 1107 353 1166 hoo
377 1109 441 1167 sine
464 1106 599 1167 molestia
624 1113 654 1167 et
676 1105 869 1166 abundanter.
907 1105 1027 1165 Teritur
1051 1113 1117 1165 ante
1134 1121 1159 1160 1o

106 1198 203 1256 omnia
227 1214 362 1274 crocum,
386 1213 461 1274 aqua
484 1195 605 1274 pluviali
627 1194 759 1255 inlusum
782 1196 927 1255 macerari
950 1194 1047 1275 debet,
1070 1194 1119 1254 de·

105 1285 174 1345 inde
198 1285 343 1345 adiciatur
366 1283 426 1344 illio
450 1283 623 1364 sarcocolla,
647 1282 809 1364 glaucium,
833 1285 944 1363 opium,
969 1292 1119 1362 tragacan-

105 1373 198 1434 thum.
244 1373 333 1434 Prius
357 1378 436 1433 enim
464 1375 563 1434 omnia
591 1390 725 1434 scorsum
749 1375 893 1432 macerari
917 1379 1035 1450 oportet
1060 1390 1129 1432 non·

105 1463 196 1523 multa
221 1464 285 1522 eius
310 1465 428 1540 generis
452 1481 535 1542 aqua,
559 1462 589 1521 id
609 1469 655 1522 est
672 1461 803 1543 pluviali,
822 1470 855 1521 ut
875 1479 962 1540 quam
981 1463 1120 1542 primum,

104 1551 134 1611 id
159 1559 205 1611 est
228 1553 253 1610 si
276 1551 341 1610 fieri
364 1552 476 1628 poterit
499 1550 604 1610 eodem
623 1550 684 1630 die,
713 1551 864 1627 fingantur
883 1548 1016 1630 collyria,
1045 1549 1160 1610 soletis

105 1641 184 1699 enim
198 1639 255 1699 hoo
271 1639 320 1699 diu
341 1638 510 1716 neglectum
529 1641 671 1698 mortario
690 1640 868 1699 inacescere.
906 1637 959 1697 His
974 1638 1036 1698 lere
1051 1647 1120 1699 utor

104 1729 210 1806 primis
234 1726 339 1787 diebus
361 1726 500 1809 collyriis,
523 1745 583 1787 non
602 1729 666 1786 sine
686 1729 795 1787 ceteris
819 1725 944 1806 auxiliis,
963 1735 1053 1805 prout
1071 1747 1120 1788 res

104 1816 248 1897 postulat,
276 1815 454 1876 abstinentia
478 1816 548 1876 'dico
577 1824 607 1875 et
636 1817 788 1894 sanguinis
812 1816 1009 1897 detractione,
1037 1815 1120 1876 meli-

69 1915 201 1983 «iusque
230 1923 264 1964 ea
293 1907 401 1965 ceteris
428 1905 573 1984 proficere
602 1904 733 1965 adfirmo.
780 1904 854 1965 Cum
882 1923 952 1964 vero
984 1904 1120 1984 pluribus

106 1995 173 2073 quis
188 1992 293 2054 diebus
308 2001 431 2055 vexatus
450 1994 541 2055 luerit
560 1993 702 2073 epiphora
721 2001 750 2054 et
769 1995 989 2073 perseverantia
1008 1997 1120 2055 umoris
1135 2010 1161 2049 ao

105 2092 194 2162 atque
217 2085 324 2162 pituita
348 2086 413 2163 ipso
437 2083 535 2144 calore
559 2084 713 2144 oculorum
737 2083 913 2162 glutinosior
937 2085 997 2142 visa
1021 2083 1119 2162 luerit,

105 2173 185 2250 quod
209 2173 271 2232 lere
295 2184 379 2233 sexto
404 2175 566 2251 septimove
591 2173 638 2233 die
663 2172 797 2232 accidere
822 2171 911 2252 solet,
937 2181 1009 2232 tunc
1032 2171 1119 2250 prod-

106 2269 194 2320 erunt
216 2271 245 2321 et
264 2279 298 2320 ea
318 2260 448 2341 collyria,
472 2279 599 2339 quorum
618 2279 713 2339 genus
733 2263 871 2340 superius
890 2259 1120 2340 inprobavimuS,

106 2350 259 2426 conposita
283 2367 318 2408 ex
342 2349 432 2408 rebus
455 2348 623 2430 metallicis3
647 2348 763 2409 facilius
786 2351 865 2409 euim
887 2357 950 2409 tum
970 2351 1120 2428 patientur

106 2435 198 2515 oculi,
222 2437 357 2496 simodo
382 2436 544 2497 exulcerati
567 2455 626 2498 non
651 2437 776 2518 luerint,
800 2440 948 2498 iniuriam.
988 2438 1120 2509 Quorum
1135 2454 1162 2493 2⁵

105 2527 265 2603 praecipue
288 2524 345 2584 hoo
369 2524 442 2584 mihi
464 2525 574 2605 placet,
598 2526 677 2604 quod
702 2545 718 2586 a
741 2526 840 2586 colore
863 2527 978 2605 phaeon
1002 2527 1120 2588 dicitur.

105 2613 221 2691 Accipit
240 2620 339 2673 autem
357 2612 444 2674 haec:
464 2615 549 2674 Aeris
563 2613 664 2674 ostili
679 2613 745 2696 Xll,
769 2615 901 2675 cadmiae
916 2625 1000 2677 ustae
1020 2615 1045 2674 Χ
1059 2615 1121 2695 Xll,

106 2701 188 2762 stibii
216 2704 293 2762 cocti
316 2701 412 2782 XVI,
441 2704 556 2763 acaciae
585 2703 766 2783 chylismatis
791 2703 816 2763 Χ
835 2704 886 2785 Vl,
914 2707 995 2765 croci
1014 2703 1039 2763 Χ
1059 2702 1121 2783 llll,

106 2790 184 2850 aloes
208 2789 234 2850 Χ
253 2790 307 2872 lll,
335 2793 386 2870 opi
404 2790 429 2850 Χ
448 2790 488 2873 ll,
517 2795 644 2853 castorei
667 2794 815 2853 victoriati
838 2794 969 2874 pondus,
993 2812 1121 2871 murrae,

104 2878 173 2959 lycii
196 2880 274 2940 idem
297 2880 447 2961 ponderis,
470 2884 597 2960 gummis
616 2881 642 2942 Χ
661 2881 760 2942 XVlll.
797 2882 881 2962 Aqua
904 2882 1025 2961 pluviali
1045 2900 1120 2962 quae
1135 2897 1162 2937 ao

106 2978 176 3030 sunt
207 2970 281 3030 dura
314 2978 502 3031 macerantur
535 2980 564 3032 et
594 2971 645 3033 diu
674 2980 826 3050 teruntur,
850 2971 944 3031 donec
973 2971 1120 3032 levissima

105 3058 185 3140 fiant,
205 3067 306 3137 postea
326 3068 424 3120 cetera
445 3059 501 3119 alio
521 3063 662 3120 mortario
682 3059 797 3138 singula
816 3061 886 3118 trita
905 3058 1123 3142 admiscentur;

105 3166 173 3207 cerm
206 3147 369 3208 tollendum
403 3157 461 3229 est,
494 3148 525 3207 id
558 3157 604 3208 est
634 3167 702 3208 cum
730 3155 801 3208 sunt
827 3146 963 3226 lingenda
992 3149 1122 3229 collyria,

105 3252 244 3312 gummeu
273 3236 409 3296 adicitur.
455 3235 518 3296 Hoc
548 3236 666 3314 quidam
696 3239 783 3296 etiam
812 3237 842 3296 iu
871 3238 964 3296 initiis
993 3245 1122 3298 utuntur

176 3372 343 3423 2materea.
399 3369 618 3437 aspretudinem.
673 3370 898 3426 euroeaeanthi.
962 3377 994 3425 21
1015 3369 1122 3438 pituita

104 3441 294 3562 ppateerppptplp
376 3439 566 3507 gluttinosior.
648 3440 831 3510 acaccipiet.
905 3447 939 3496 28
958 3439 1120 3509 oylismatis.
