2438 3802
509 143 748 209 -arc-

68 321 102 370 51
212 307 387 368 Remedium
411 308 447 367 ad
467 306 626 386 podagram
646 305 691 365 vel
709 307 833 365 maxime
853 305 888 365 ad
908 305 1064 366 arthritim
1084 309 1138 368 sic:

123 398 207 457 Aceti
234 399 339 475 optimi
367 404 510 476 quantum
538 394 680 473 volueris,
709 394 787 472 quod
811 394 917 454 melius
945 397 1018 473 erit,
1051 399 1077 456 si
1104 414 1138 456 ex

124 489 191 546 vino
214 487 341 565 styptico
361 486 459 562 luerit,
483 483 557 544 telas
576 501 760 562 aranearum,
784 485 908 560 quaein
928 501 1077 561 cupresso
1096 487 1138 544 in·

123 577 293 655 veniuntur,
316 573 388 633 buxi
411 575 596 632 summitates
615 573 800 632 tenerrimas.
836 570 965 630 Haecin
985 571 1046 632 olla
1067 591 1139 633 nova

123 663 276 742 coquenda
302 671 371 722 suut
394 661 574 738 diutissime;
597 679 633 720 ex
654 678 712 739 quo
731 668 815 719 aceto
833 677 921 738 posca
941 662 1162 738 temperandas

123 752 210 830 paulo
238 753 335 810 acrior
363 767 450 827 quam
475 749 709 827 adhibendum,
737 767 772 807 ex
796 767 853 827 qua
876 766 966 826 posca
990 749 1040 809 vel
1065 751 1139 810 eale·

123 841 198 898 lacta
222 838 268 897 uel
292 838 411 917 frigida,
435 846 524 915 prout
547 856 635 898 causa
659 837 865 916 postulaverit,
894 836 1017 897 lavanda
1050 857 1140 900 mem·

122 927 189 1005 bra,
217 926 273 986 hoc
302 934 348 987 est
371 927 471 986 artbra
495 927 540 987 vel
563 929 733 1006 iuncturae,
757 944 832 1004 quae
855 925 970 1005 dolent,
997 938 1029 987 et
1055 928 1140 989 deor-

123 1033 201 1093 sum,
234 1015 264 1075 id
298 1023 343 1075 est
370 1034 439 1076 cum
467 1033 586 1075 umeros
613 1014 660 1075 vel
687 1015 786 1075 cubita
813 1013 932 1094 laveris,
964 1014 1001 1074 ad
1033 1034 1139 1077 manus

123 1121 253 1164 summas
282 1104 327 1163 vel
355 1105 390 1164 ad
420 1105 510 1182 pedes
543 1122 674 1164 summos
707 1102 950 1182 destringendum
985 1103 1173 1166 deducen-ro

123 1193 253 1272 dumque
277 1193 473 1273 medicameu;
503 1201 605 1270 postea
630 1210 700 1251 vero
725 1210 812 1270 quam
836 1191 890 1251 hac
914 1209 1004 1269 posca
1029 1191 1139 1254 laveris

124 1282 265 1362 membra,
284 1301 358 1361 quae
377 1281 468 1341 lavari
487 1299 608 1341 necesse
628 1288 681 1360 est,
705 1280 835 1358 adpones
857 1279 990 1360 herbam,
1009 1299 1091 1360 quae
1110 1285 1140 1343 in

124 1389 217 1449 aquae
235 1373 312 1449 iugis
332 1371 460 1430 decursu
480 1371 621 1446 nascitur,
641 1387 729 1446 quam
743 1368 847 1429 Latine
861 1367 1004 1448 berulam,
1024 1370 1139 1432 Graece

124 1459 312 1519 cardaminen
344 1467 462 1538 vocaut3
495 1458 567 1518 baec
600 1457 756 1534 diligenter
788 1468 933 1536 purgatur
967 1467 998 1518 et
1026 1462 1138 1521 teneri·

123 1548 195 1607 tudo
220 1550 284 1607 eius
304 1547 439 1607 tunditur
459 1555 489 1606 et
507 1549 547 1605 ita
567 1545 613 1605 vel
632 1546 730 1624 tepida
750 1547 795 1606 vel
815 1546 928 1625 lrigida,
948 1556 1041 1624 prout
1062 1549 1137 1609 salu·
1150 1568 1172 1608 u

123 1635 207 1696 brius
236 1645 294 1715 est,
323 1635 435 1695 dolenti
461 1637 492 1695 in
520 1634 641 1694 modum
670 1635 885 1712 cataplasmatis
912 1634 1077 1713 adponitur
1108 1645 1138 1697 et

124 1724 171 1784 die
195 1723 240 1784 bis
264 1733 315 1784 aut
338 1733 383 1784 ter
407 1723 452 1784 vel
475 1725 614 1802 quotiens
633 1724 739 1783 siccari
758 1726 890 1800 coeperit
908 1724 1052 1783 mutanda
1073 1729 1137 1786 erit.

124 1812 206 1882 Quae
230 1815 255 1872 si
276 1812 416 1872 ruborem
436 1813 550 1892 lecerit,
573 1820 645 1872 tunc
665 1813 757 1889 magis
776 1811 923 1890 profuisse
942 1812 1136 1892 intelligetur.

123 1900 330 1962 adhibendum
353 1901 460 1961 dehinc
484 1919 642 1980 parygrum
662 1908 796 1959 cerotum
815 1900 890 1960 infra
910 1902 1058 1979 scriptum
1078 1905 1132 1963 sic:

123 1988 280 2067 Cerussae,
304 2008 426 2068 spumae
450 1991 579 2069 argenti,
602 2006 688 2048 cerae
712 1987 853 2068 Punicae,
877 1988 934 2048 olei
957 1991 1052 2069 rosei,
1078 1990 1169 2051 olein

122 2077 232 2159 mollis,
259 2078 396 2138 lacrimas
423 2096 555 2138 ovorum.
596 2076 710 2137 Horum
738 2079 869 2136 omnium
897 2077 1030 2154 pondera
1059 2098 1136 2158 qliae

121 2166 267 2244 placuerit
294 2166 445 2246 miscebis3
473 2166 579 2227 modus
607 2167 686 2226 euim
714 2182 773 2223 non
802 2173 847 2224 est
870 2165 1017 2226 delinitus
1061 2168 1136 2228 Cera

122 2257 251 2332 primum
279 2256 309 2312 iu
338 2254 402 2313 oleo
427 2255 507 2314 molli
530 2255 642 2314 lerveat
665 2261 724 2313 tam
751 2252 814 2332 diu,
838 2253 931 2313 donec
955 2257 1135 2336 stringatur3

122 2349 224 2420 postea
251 2340 402 2419 pulverem
431 2359 520 2420 supra
549 2345 726 2420 scriptarum
751 2343 917 2420 specierum
941 2344 1135 2424 superaddes,

122 2428 229 2488 deiude
252 2427 350 2486 oleum
374 2447 493 2488 roseum
516 2429 562 2488 vel
586 2429 722 2489 lacrimas
746 2448 867 2490 ovorum
891 2431 1071 2492 admiscebis
1091 2442 1132 2494 at·
1146 2450 1170 2492 as

122 2533 180 2593 que
208 2517 248 2574 ita
276 2514 352 2572 bene
380 2519 486 2594 agitata
515 2526 544 2576 et
572 2519 661 2577 mixta
689 2520 786 2577 omnia
815 2518 1040 2598 subcoquantur
1064 2524 1134 2601 igni.

122 2602 207 2674 Quod
235 2602 418 2663 medicamen
441 2608 617 2685 repositum,
641 2624 709 2665 cum
733 2625 856 2668 necesse
885 2611 958 2687 erit,
986 2610 1018 2668 iu
1041 2608 1134 2670 linteo

121 2691 240 2753 inlitum
264 2690 405 2752 membris
429 2692 597 2755 dolentibus
621 2695 794 2773 adponetur.

68 2793 102 2844 52
211 2780 334 2842 Furinae
354 2784 488 2842 triticeae
507 2781 538 2844 u
554 2801 655 2864 tinum,
675 2783 762 2863 amyli
781 2786 883 2844 uncias
902 2792 1026 2864 septem,
1047 2805 1134 2847 cerae

122 2873 224 2932 uncias
244 2879 367 2951 septem,
389 2871 446 2931 olei
465 2875 579 2932 rosacei
598 2880 717 2951 aestate,
742 2872 839 2932 hieme
858 2881 956 2932 autem
976 2872 1035 2934 olei
1054 2894 1133 2936 com·
1148 2894 1173 2934 ao

121 2962 220 3020 munis
243 2957 306 3021 81
330 2959 476 3041 ltalicum3
504 2979 574 3021 saue
602 2969 635 3021 ut
662 2962 759 3040 passio
783 2963 846 3038 ipsa
870 2960 916 3020 vel
939 2961 1065 3022 calidius
1088 2963 1136 3024 vel

121 3048 258 3126 frigidius
287 3048 533 3109 medicamentum
561 3051 658 3127 poscit
686 3049 763 3130 fieri,
790 3052 830 3109 ita
855 3049 953 3109 iacias.
996 3049 1136 3112 Farinam

121 3146 188 3197 ante
213 3137 291 3196 diem
314 3138 441 3197 infusam
461 3139 491 3196 in
511 3155 603 3215 aquae
624 3135 655 3198 S·
674 3137 807 3199 italicum
828 3155 997 3217 concoquas
1016 3140 1052 3200 ad
1072 3159 1135 3201 mo·

121 3224 192 3285 dum
215 3224 319 3304 glutiS,
347 3233 449 3302 postea
473 3226 601 3305 amylum
624 3229 782 3304 separatim
807 3229 910 3287 tritum
934 3229 964 3286 in
989 3232 1135 3289 mortario

118 3320 149 3372 et
176 3330 275 3373 ceram
303 3315 459 3375 remissam
487 3316 519 3375 in
546 3315 610 3376 oleo
639 3317 830 3394 supermittes
859 3324 888 3374 et
916 3315 1005 3375 simul
1034 3321 1174 3378 omniau

100 3401 269 3484 dlligenter
300 3414 382 3471 teres
418 3415 449 3471 et
485 3426 556 3471 oum
590 3422 669 3488 opus
698 3404 811 3480 luerit,
835 3401 968 3475 adpones
988 3404 1028 3456 ‘m
1043 3405 1144 3460 buxeo

76 3493 249 3575 podagrae
276 3498 422 3567 cuilibet.
