2438 3802
503 133 720 197 „31-

104 304 245 358 teruntur
269 304 299 356 et
317 296 434 355 taurino
454 295 561 373 glutini
580 297 825 356 commiscentur:
848 306 947 356 cetera
965 295 1001 356 ad
1018 298 1116 375 ignem

104 385 256 465 liquidam,
270 383 341 444 dum
356 382 461 463 calent,
476 402 566 462 supra
582 387 701 463 scriptis
716 383 925 445 admiscentur.
949 383 1029 454 Quae
1040 385 1116 447 bene

105 475 226 536 subacta
250 491 339 533 manu
362 483 563 553 reponuntur3
591 491 660 533 cnm
683 492 758 552 opus
781 473 885 552 luerit,
908 472 1025 552 pondus
1047 474 1116 534 inde

105 563 220 623 denarii
234 563 363 622 sumitur
378 571 407 622 et
421 561 547 622 dilutum
563 570 646 623 aceto
662 572 750 642 atque
762 579 830 622 rosa
841 563 931 640 capiti
940 561 1117 644 infunditur,

76 652 158 714 ssed
179 649 283 712 melius
302 649 373 710 lacit
391 649 447 710 hoc
467 650 715 712 medicamentum
734 650 855 712 linteolo
874 650 1031 711 inductum
1049 669 1116 711 raso

104 741 195 819 capiti
216 740 388 818 inpositum.
424 739 467 799 Ad
489 741 594 818 capitis
617 739 749 800 dolorem
773 742 837 800 sine
857 738 934 800 febri
952 738 1028 799 hene
1047 740 1117 800 lacit
1135 749 1169 798 27

104 829 141 891 de
165 829 367 906 experimento
391 829 497 905 eapitis
521 831 649 909 curatio,
673 847 767 908 aquae
790 830 917 910 potatio,
945 827 1005 888 cibi
1027 827 1116 889 absti-

103 918 217 994 nentia,
245 917 358 976 ventris
386 915 509 997 soluti03
536 917 588 977 sed
617 925 681 978 tum
708 919 798 978 etiam
824 935 892 978 rosa
920 923 1008 996 atquc
1032 925 1116 978 aceto

105 1005 268 1068 curandum
292 1010 389 1084 caput.
426 1003 552 1066 Prodest
575 1009 664 1067 etiam
683 1009 820 1086 pituitam
838 1005 995 1066 detrahere
1014 1008 1117 1085 senapi

65 1115 90 1154 1o
106 1102 156 1156 aut
191 1093 303 1173 hysopo
337 1111 374 1152 ex
405 1111 493 1172 passo
524 1095 661 1176 decocto,
691 1098 763 1156 item
791 1095 901 1156 herbae
929 1094 1116 1173 peduclariae

104 1184 231 1263 semine,
259 1200 347 1262 quam
376 1181 481 1245 Graeci
509 1183 645 1262 staphide
672 1186 772 1263 agrian
801 1191 919 1263 vocant,
947 1185 1018 1243 trito
1047 1201 1116 1243 cum

104 1275 269 1352 pipereet
299 1270 386 1332 melle
420 1271 484 1332 oleo
517 1273 647 1333 admixto
681 1281 731 1334 aaut
758 1275 852 1352 ipsius
880 1271 991 1332 herbae
1024 1271 1115 1350 pedu·

104 1361 192 1422 claris
216 1363 328 1422 semine
352 1378 407 1440 per
430 1380 462 1421 se
488 1360 574 1421 melle
602 1361 742 1424 admixto.
792 1362 988 1422 Permanente
1016 1368 1115 1421 autem
1134 1363 1168 1412 28

104 1450 219 1510 diutino
243 1451 349 1529 capitis
373 1449 474 1510 dolore
497 1459 625 1528 prosunt
648 1453 676 1510 ei
699 1450 870 1512 huiusmodi
893 1452 1115 1528 perunctioncs:

63 1558 90 1600 1⁶
104 1537 182 1600 Ruta
205 1557 274 1600 cum
296 1546 379 1599 aceto
404 1546 434 1599 et
457 1537 521 1599 oleo
545 1539 694 1620 calefacto,
718 1539 803 1600 iridis
826 1538 910 1599 radix
933 1555 1002 1599 cum
1023 1547 1115 1618 aceto,

105 1627 203 1688 salicis
231 1626 298 1688 lolia
327 1629 397 1688 trita
425 1645 461 1687 ex
490 1646 577 1710 aqua,
606 1629 771 1707 serpullum
799 1629 903 1688 tritum
931 1636 962 1688 et
989 1628 1115 1687 interve-

104 1717 215 1777 factum
239 1734 306 1776 cum
330 1715 394 1776 oleo
415 1723 445 1777 et
463 1726 559 1797 aceto,
589 1717 778 1798 milefolium,
802 1717 881 1796 quod
906 1715 1010 1776 Graeci
1033 1714 1116 1794 poly-

104 1823 202 1884 gonon
225 1803 386 1884 appellant,
415 1824 483 1865 cum
507 1815 574 1866 ruta
598 1809 701 1867 tritum
725 1807 854 1867 admixto
883 1811 965 1865 aceto
993 1811 1023 1864 et
1041 1803 1115 1884 oleo,

104 1911 198 1954 nuces
226 1911 341 1954 amarae
368 1901 511 1973 purgatae
539 1896 626 1954 tritae
654 1913 722 1954 cum
751 1903 834 1954 aceto
858 1902 888 1954 et
910 1892 990 1972 oleo,
1018 1895 1059 1953 ita
1082 1901 1116 1953 ut

63 2001 90 2042 eo
104 1981 177 2043 haec
205 1982 357 2043 interdum
384 1983 465 2044 velut
493 1989 627 2043 cerotum
650 2001 718 2042 cum
741 1982 832 2042 linteo
856 1981 948 2041 lronti
974 1983 1116 2058 inponan-

104 2078 167 2152 tur3
192 2070 329 2132 similiter
351 2071 474 2150 prodest
497 2080 527 2130 ct
551 2078 618 2131 ruta
642 2070 772 2130 silvatica
795 2072 866 2130 trita
890 2087 957 2129 cum
982 2077 1065 2128 aceto
1087 2076 1117 2129 et

104 2159 169 2220 oleo
188 2162 273 2238 quasi
292 2168 426 2222 cerotum
451 2161 542 2220 fronti
562 2161 749 2239 superposita
771 2165 822 2218 aut
845 2159 913 2236 agni
936 2156 995 2216 albi
1013 2175 1116 2217 semen

105 2266 139 2308 cx
172 2267 262 2326 posca
293 2251 397 2310 tritum
431 2256 482 2310 aut
510 2251 638 2310 ocimum
667 2248 760 2310 viride
789 2247 833 2308 vel
862 2264 964 2307 semen
992 2248 1056 2306 cius
1080 2264 1117 2307 ex

104 2354 178 2416 aqua
203 2339 308 2399 tritum
327 2345 356 2399 et
376 2339 538 2416 inpositum
562 2346 613 2400 ant
636 2338 763 2400 hederae
787 2337 869 2398 albae
888 2336 955 2397 lolia
976 2343 1116 2416 quattuor

63 2454 90 2495 25
104 2443 173 2486 cum
196 2445 271 2505 aqua
294 2426 389 2487 mulsa
413 2435 463 2487 aut
486 2429 537 2508 git,
562 2428 641 2507 quod
665 2427 770 2489 Graeci
795 2426 978 2488 melanthion
1001 2434 1115 2507 vocant,

105 2514 209 2576 eodem
232 2516 320 2576 modo
345 2515 437 2576 fronti
456 2518 618 2595 inpositum
643 2525 694 2578 aut
717 2517 838 2578 naribus
861 2518 1004 2577 iniectum
1028 2515 1116 2593 prod·

104 2610 157 2664 est.
212 2604 256 2664 td
292 2605 435 2665 torridam
470 2614 500 2665 et
534 2608 723 2667 constrictam
762 2614 859 2668 cutem
897 2606 1002 2685 capitis
1040 2603 1115 2664 hene
1135 2606 1169 2655 29

104 2691 174 2753 facit
206 2701 374 2754 castoreum
406 2701 436 2754 et
467 2692 631 2756 balsamum
666 2703 695 2756 et
729 2695 932 2775 peucedanum
965 2695 1116 2754 incoctum

104 2799 237 2843 seorsum
265 2785 296 2842 in
324 2800 392 2842 vaso
421 2801 489 2842 curn
518 2792 601 2844 aceto
625 2791 745 2844 etcum
769 2784 833 2843 oleo
857 2784 948 2860 capiti
970 2783 1112 2843 inlusum.

63 2868 228 2939 wFaciunt
256 2873 344 2933 otiam
371 2871 542 2932 huiusmodi
567 2871 781 2930 medicamenta
805 2871 893 2946 capiti
918 2872 1114 2948 superposita,
1134 2883 1168 2933 30

103 2977 178 3038 quae
203 2959 308 3022 Graeci
335 2957 543 3038 cataplasmata
571 2957 687 3016 dicunt:
719 2955 806 3014 lridis
835 2956 944 3015 radicis
973 2965 1114 3016 contusae

104 3047 185 3108 liVl
209 3058 238 3111 et
261 3050 402 3127 pusillum
425 3063 510 3107 rosae
535 3044 683 3106 silvaticae
705 3045 827 3103 seminis
847 3060 916 3102 cum
935 3044 1028 3102 farina
1047 3043 1114 3102 hor-

104 3136 198 3197 diacia
217 3146 301 3198 cocta
319 3145 370 3197 aut
389 3134 510 3196 leniculi
528 3135 644 3195 radices
665 3132 801 3193 similiter
820 3136 921 3191 coctae
939 3149 1007 3191 cnm
1023 3131 1116 3191 farina

104 3223 263 3286 hordiacia.
308 3225 434 3285 Prodest
462 3226 550 3284 etiam
578 3224 614 3284 ad
642 3225 750 3283 nimios
778 3221 895 3282 dolores
919 3221 1024 3299 capitis
1048 3237 1115 3279 con·
1136 3243 1169 3292 31

65 3337 92 3378 aa
106 3316 220 3374 strictio
249 3316 313 3374 eius
341 3331 395 3390 per
423 3313 573 3373 fasciolam
602 3332 660 3373 non
684 3314 807 3373 nimium
832 3310 932 3390 latam,
960 3311 1000 3370 ita
1025 3315 1116 3368 ntea

177 3436 192 3485 1
212 3429 436 3486 commiscentur.
488 3438 503 3487 7
524 3432 644 3502 curatio]
665 3431 774 3486 derasio
795 3430 953 3486 (domarius.
997 3425 1116 3498 putatio.

107 3506 140 3555 12
150 3499 249 3572 pipire.
287 3502 350 3558 oleo
366 3505 395 3557 et
408 3501 505 3558 mixto.
542 3502 680 3574 tihegni.
718 3502 892 3558 320rdiatia.
929 3501 1128 3557 thordonem..
