2438 3802
358 638 503 715 Index
530 638 790 717 verborum.

70 826 99 882 a,
114 812 167 867 abr
186 813 218 867 de
235 817 352 881 tempore
370 812 470 866 asolio
489 813 508 865 i.
523 829 548 882 q.

87 885 153 952 post
171 882 272 937 solium
291 887 377 950 23,13.
404 898 422 935 a
435 882 548 937 balineo

87 960 174 1020 acea.
191 958 249 1008 105.
276 951 547 1022 arorisepruuaa.

87 1026 123 1079 ab
141 1024 215 1078 intro
236 1030 303 1091 iba.

71 1095 208 1150 abintus:
229 1094 364 1150 concham
381 1109 493 1150 aeream
513 1094 548 1150 dc

86 1167 170 1220 melle
194 1165 259 1220 albo
285 1164 398 1220 abintus
421 1182 548 1235 perunge

85 1238 176 1291 totam
191 1243 260 1303 8,23.
286 1234 329 1291 ita
342 1237 374 1289 ut
388 1234 547 1306 iuniperum

86 1307 199 1362 abintus
216 1309 352 1376 purgetur
370 1312 457 1374 aaa&

67 1379 240 1444 ablingere:
252 1377 347 1431 oculos
355 1377 547 1445 ablingitovcl

84 1446 197 1504 inlinito
215 1466 267 1517 per
284 1445 411 1515 linguam
430 1452 518 1515 8‚13‘l.

67 1520 194 1574 aborsus
213 1524 301 1585 aaut.

66 1589 545 1656 aarounnmrccsee.raaces.

83 1659 250 1714 abrotonum
268 1666 319 1727 3‚4.
334 1664 404 1728 25‚6.
419 1664 506 1726 ae,11.

65 1729 257 1784 absenthium
276 1735 362 1798 aaut.
378 1735 421 1784 41.
459 1730 547 1784 herba

83 1800 304 1868 absenthiaata
316 1799 456 1855 absenthii
464 1815 545 1853 sucus

84 1875 224 1938 20,31.48.
236 1877 279 1926 96.
300 1871 446 1924 Ponticum
457 1874 544 1939 abab.

65 1941 282 1996 absinthiatum
300 1947 387 2008 23:19.
408 1944 544 2008 tutata.

66 2011 223 2067 absolvere
238 2029 280 2067 se:
300 2027 355 2080 quo
370 2012 446 2066 iacto
460 2010 544 2066 facile

83 2084 112 2136 te
145 2082 274 2138 absolves
306 2081 382 2137 omni
414 2082 546 2136 molestia

66 2152 365 2294 reiteraret·

282 2267 288 2293 ‚
328 2269 333 2282 .

65 2295 194 2363 ausuum
212 2297 317 2365 absque
335 2293 440 2350 medici
457 2293 544 2349 inter·

80 2367 301 2437 cessioneprfia.
318 2364 543 2436 absquemedico

80 2439 118 2492 ib.
134 2442 158 2493 b.
197 2440 302 2507 absque
316 2439 361 2492 his
376 2440 421 2508 (=
432 2439 543 2507 praetor

80 2508 143 2576 hos)
162 2513 249 2574 28,64.

63 2577 229 2634 abstersio:
249 2577 336 2634 tantis
355 2578 464 2632 sudoris
483 2578 543 2632 eius

81 2647 302 2703 abstersionibus
316 2648 442 2702 laboravi
460 2648 542 2702 Vinci.

80 2733 120 2784 ep.
136 2723 161 2771 3.

62 2786 256 2841 acanthiuum
274 2786 381 2854 gummi
401 2789 489 2851 20,19.

61 2859 204 2912 accentus
223 2859 269 2926 (a
282 2855 373 2910 morbi
385 2854 540 2909 incremen-

79 2929 153 2994 tum,
181 2923 282 2998 ciapp'h
311 2928 340 2980 et
366 2925 396 2978 in
423 2927 541 2980 accentu

79 2999 176 3067 placat
195 2998 305 3053 dolores
324 2998 354 3051 et
371 2997 402 3051 in
420 2995 541 3050 declina·

79 3068 156 3124 tione
200 3070 347 3125 confirmat
390 3067 541 3123 sanitatem

60 3211 214 3280 acciperet
234 3216 285 3267 act.
305 3210 376 3266 bene
396 3209 542 3266 stomacho

78 3282 254 3338 laborantem
295 3282 415 3353 accipies
452 3286 544 3350 tati.

72 3355 248 3407 stomachum
306 3353 551 3413 reumatiaantem

63 3424 174 3479 mansio
202 3423 302 3481 lucida
332 3427 409 3487 bene
441 3429 558 3504 accipit

620 817 708 880 abac.
758 811 832 865 male
864 809 968 880 accipit
996 816 1083 880 30,54.

621 880 719 937 alterci
728 881 809 962 radix
818 882 889 937 bene
899 881 1004 950 accipit
1014 887 1085 952 lai.

616 969 698 1103 aare
717 952 1083 1104 attereretur:

621 1109 786 1148 suavissrmc
804 1109 950 1162 accipiens
969 1095 1006 1147 ad
1025 1102 1082 1150 sto·

620 1163 751 1218 maehum
783 1162 964 1218 reficiendum
992 1170 1082 1232 20‚51.

620 1234 739 1304 optime..
767 1233 915 1288 adversum
953 1235 1080 1290 dolorem

620 1304 759 1360 stomachi
805 1303 950 1373 accipietis
992 1311 1081 1374 20‚60.

619 1381 706 1442 32,ss
745 1374 850 1443 optime
870 1374 1038 1444 accipietur,
1058 1376 1083 1431 si

619 1445 681 1515 quis
700 1447 782 1515 potet
800 1450 888 1512 aaut

600 1516 787 1572 acharistum
815 1514 961 1584 collyrium
990 1522 1078 1583 8314.

618 1587 679 1642 ach.
718 1585 866 1654 collyrium
903 1585 1081 1642 theodotium

618 1663 689 1726 8‚15.
726 1655 884 1712 antidotum
902 1662 990 1724 20,92.

600 1728 767 1808 aciditates·
806 1727 852 1782 vel
903 1727 1079 1796 corruptelae

599 1799 876 1925 aittitiiffilit.
885 1885 925 1938 ep.
936 1875 960 1924 a.
976 1885 998 1924 c.
1011 1874 1080 1936 11,4.

616 1945 703 2007 area.
718 1944 807 2008 coyt.

598 2010 739 2066 acritudo
764 2009 827 2064 lotii
851 2014 920 2079 8,23.
964 2009 1080 2080 lippitu-

616 2081 689 2136 dinis
707 2085 776 2147 8,43.

599 2152 743 2208 acutulae
761 2152 844 2220 pinus
862 2149 962 2204 viridis
981 2155 1051 2218 21,6.

598 2223 652 2279 ad:
667 2223 703 2277 ad
713 2238 873 2279 mensuram
884 2220 980 2290 cyathi
990 2228 1077 2290 lali.

616 2300 658 2348 90.
702 2294 812 2362 cotylae
839 2297 926 2359 8,148.
969 2292 1080 2347 denarii

615 2369 702 2431 20‚16.
727 2369 814 2431 33,st
839 2368 881 2417 82.
936 2362 1080 2419 victoriati

618 2441 702 2502 laea.
741 2437 776 2488 ad
795 2434 941 2503 emplastri
964 2435 1080 2490 modum

615 2511 703 2575 8,185.
730 2505 767 2560 ad
781 2507 870 2560 ceroti
884 2506 1078 2573 modum11‚4.

615 2582 721 2644 aaut.
736 2576 819 2631 fabae
829 2581 917 2642 2⁰34·
932 2575 1078 2631 avellanae

615 2652 702 2711 20,92.
718 2651 805 2713 25‚38.
816 2650 903 2712 26‚31.
923 2645 960 2699 ad
969 2647 1077 2714 magni-

614 2713 1077 2779 tudinemcicerculiaouoa.sabao

616 2791 702 2852 17,13.
720 2784 799 2837 nucis
812 2783 954 2853 iuglandis
969 2790 1076 2850 20‚138.

613 2854 758 2910 avellanae
768 2860 838 2922 aaa.
857 2853 955 2907 ciceris
970 2858 1076 2922 20‚139.

613 2926 767 2995 digitorum
809 2927 942 2993 quattuor
987 2930 1075 2992 8035.

613 2995 723 3066 pastilli
746 2996 782 3049 ad
801 2995 931 3050 denarios
950 2994 1075 3064 singulos

616 3071 701 3135 1735.
738 3065 899 3123 vettonicae
927 3083 1009 3122 sucus
1038 3068 1076 3122 ad

616 3138 753 3208 scripulos
782 3137 851 3193 duos
881 3143 966 3205 lull.
1008 3155 1075 3208 pen-

615 3211 690 3266 sabis
715 3210 751 3264 ad
774 3208 868 3280 pondo
890 3208 947 3263 tria
969 3215 1083 3273 iotha,

616 3282 658 3338 ad
687 3298 781 3351 supra
806 3279 955 3344 scirpum
980 3274 1107 3336 unum

625 3360 725 3425 aaut.

615 3429 778 3488 &tamaius
790 3418 883 3488 lapis
895 3405 1041 3463 tumtum
1052 3398 1099 3442 a&
1103 3389 1145 3447 §a

936 3486 1002 3546 aa*
