2438 3802
509 173 544 183 -
595 135 749 201 358-

69 301 202 363 108lacta
226 301 252 360 si
275 298 405 360 clavellis
423 297 568 379 alligetur,
587 299 662 358 mire
681 297 822 375 proderit.
855 295 966 358 Salicis
989 317 1143 362 ramorum

121 391 286 468 primorum
310 388 356 448 vel
379 405 562 448 summorum
586 387 714 447 cortices
732 393 909 466 exuruntur,
933 405 1047 449 earum
1071 391 1142 450 cinis

122 497 191 540 cum
214 496 289 556 aqua
312 477 469 555 impositus
492 474 621 536 clavellis
645 474 801 534 confestim
827 473 977 536 medetur.

70 579 120 629 109
210 566 281 626 Beta
305 583 373 625 cum
396 562 482 624 melle
506 571 536 623 et
558 581 627 623 cum
648 563 708 623 ficu
727 563 808 623 arida
827 568 953 623 contusa
976 571 1074 644 atque
1093 567 1141 626 im·

122 657 217 734 posita
242 653 378 713 medetur
403 650 545 711 articulis.
1158 670 1166 712 a

70 755 121 804 110
210 741 254 800 dd
282 742 410 820 spinam,
438 757 513 817 quae
541 741 660 818 corpori
688 739 806 800 etiamsi
831 739 863 798 in
890 738 1050 816 profundo
1078 740 1140 802 hae

123 831 205 909 serit,
229 827 410 888 avellendam
433 827 597 888 remedium
621 827 725 888 efficax
744 829 800 888 sic:
822 826 941 886 Florem
961 829 1091 910 cineris,
1114 829 1139 890 id

123 926 169 976 est
188 918 387 976 summitatem
408 915 529 996 favillae,
549 915 669 994 colliges
688 915 865 978 nitidissime
880 922 910 975 et
925 933 998 976 cum
1015 921 1140 997 axungia

122 1012 247 1064 contusa
269 1003 408 1065 miscebis
432 1011 519 1082 atque
543 1004 579 1064 ad
602 1003 714 1084 locum,
741 1006 772 1063 in
800 1021 859 1082 quo
883 1005 969 1081 spina
1000 1005 1140 1087 haeserit,

121 1092 227 1154 leviter
251 1091 396 1174 alligabis3
420 1095 518 1154 statim
543 1101 594 1152 aut
616 1093 732 1171 spinam
754 1093 849 1169 ipsam
873 1091 1007 1154 extrahit
1029 1103 1085 1156 aut
1102 1098 1168 1155 itan

122 1181 158 1241 ad
182 1183 382 1242 summitatem
406 1183 484 1243 cutis
507 1179 622 1260 educet,
646 1188 679 1240 ut
702 1179 787 1240 facile
809 1181 905 1259 possit
928 1180 1029 1242 avelli

520 1373 598 1435 CAP.
622 1371 736 1433 XXXV.

120 1489 312 1544 Nervorum
338 1484 428 1540 vitiis
460 1497 499 1540 ac
526 1484 702 1540 doloribus
726 1483 884 1540 omnibus
906 1485 942 1540 et
964 1487 1140 1544 arthritidi

122 1588 161 1631 ac
178 1572 327 1644 paralysi
345 1577 380 1628 et
398 1571 574 1628 doloribus
588 1572 818 1629 medullarum
831 1572 981 1628 remedia
995 1575 1140 1644 physica

248 1664 284 1717 et
305 1659 517 1717 rationabilia
539 1660 671 1716 diversa
693 1662 736 1716 de
758 1660 1011 1730 experimentis.

87 1810 101 1858 1
209 1797 314 1859 Nervis
342 1805 372 1858 et
399 1797 550 1859 arthritidi
577 1796 667 1876 adeps
695 1796 844 1857 vulturina
872 1813 941 1856 cum
965 1795 1037 1858 felle
1061 1801 1140 1860 eius·

123 1887 190 1948 dem
214 1895 244 1948 et
267 1905 335 1948 cum
359 1888 484 1964 axungia
505 1894 603 1947 vetere
623 1903 656 1946 ac
676 1884 761 1946 melle
780 1883 963 1963 malagmatis
981 1903 1070 1947 more
1090 1887 1138 1948 ad·

87 1977 220 2054 aposita
248 1976 395 2035 medetur.
440 1974 605 2035 Nervorum
633 1973 718 2034 nodis
747 1974 852 2050 capitis
880 1974 1010 2051 viperini
1039 1978 1139 2036 exusti

124 2066 199 2124 cinis
222 2082 291 2124 cum
314 2063 378 2124 oleo
402 2065 523 2143 cyprino
548 2063 701 2141 adpositus
724 2061 885 2139 plurimum
908 2061 1043 2138 prodest
1151 2081 1171 2124 u

88 2163 104 2211 3
212 2151 360 2212 Tremulis
380 2159 410 2212 et
429 2151 537 2230 quihus
555 2153 640 2211 nervi
657 2151 768 2210 infirmi
787 2156 857 2209 sunt
875 2149 947 2208 utile
967 2157 1015 2209 est
1034 2151 1139 2212 holera

123 2258 190 2302 cum
220 2257 295 2318 aqua
322 2239 525 2300 tantummodo
553 2239 675 2299 decocta
702 2256 771 2298 cum
798 2255 874 2316 pane
901 2236 1085 2300 manducare
1109 2249 1139 2300 et

124 2327 189 2386 oleo
213 2329 362 2386 castorino
385 2329 417 2385 in
440 2325 544 2385 balneo
567 2326 690 2386 adsidue
713 2327 848 2404 perungi.

87 2425 105 2472 4
212 2413 323 2472 Ranam
351 2412 487 2472 rubetam
515 2420 545 2472 et
573 2413 668 2490 adipis
695 2416 815 2474 ursinae
843 2447 887 2457 -
909 2412 949 2472 lll
979 2431 1050 2474 cum
1080 2415 1139 2476 olei

122 2501 232 2559 veteris
260 2501 396 2559 sextariis
424 2498 521 2560 trihus
549 2501 580 2559 in
604 2499 660 2560 olla
683 2501 750 2562 rudi
773 2502 809 2562 ad
831 2501 943 2562 medias
966 2501 1171 2584 decoquituu

123 2586 230 2647 deinde
253 2587 361 2668 colato;
384 2587 458 2648 haec
481 2591 583 2649 unctio
607 2588 778 2668 frequenter
801 2589 930 2651 adhibita
953 2607 1014 2650 non
1039 2592 1137 2654 solum

122 2693 230 2736 nervos
254 2677 417 2756 confirmat,
441 2677 493 2737 sed
518 2685 548 2738 et
570 2676 717 2757 paralysin
740 2677 858 2756 repellit
883 2685 912 2738 et
934 2681 1083 2756 reprimit.

86 2777 103 2826 5
212 2763 352 2845 Malagma
372 2767 460 2826 etiam
480 2765 515 2826 ad
535 2765 694 2846 podagram
713 2778 743 2827 et
757 2766 906 2827 arthritim
920 2773 950 2826 et
964 2766 1000 2826 ad
1016 2786 1136 2830 omnem

122 2853 255 2916 dolorem
284 2863 314 2915 et
341 2857 507 2916 tensionem
530 2873 688 2915 nervorum
713 2857 768 2915 sic:
801 2855 1009 2914 Ammoniacae
1033 2865 1136 2934 guttae

121 2942 153 3005 P.
173 2943 199 3026 1,
223 2962 308 3004 cerae
332 2943 362 3003 P.
382 2943 408 3023 1,
431 2945 574 3022 axungiae
597 2945 707 3003 veteris
729 2942 760 3002 P.
781 2941 810 3022 8,
834 2942 892 3002 olei
915 2945 1025 3003 veteris
1048 2944 1082 3007 P.
1101 2944 1171 3026 ll‚u

121 3032 180 3092 olei
207 3032 323 3094 cedrini
344 3031 376 3092 P.
395 3031 420 3111 1,
448 3034 563 3092 rosacei
590 3038 641 3091 aut
663 3032 734 3090 irini
757 3029 814 3090 olei
837 3029 868 3090 P.
888 3029 914 3109 Ι,
944 3034 1026 3092 croci
1049 3032 1136 3113 -Ι,

121 3121 200 3180 Assii
227 3120 333 3198 lapidis
362 3152 403 3161 -
428 3119 454 3200 1,
483 3138 597 3198 myrrae
627 3152 666 3162 -
692 3119 718 3198 1,
747 3117 913 3196 aphronitri
941 3123 1136 3182 semunciam.

121 3207 155 3267 ln
178 3208 284 3286 patella
307 3226 381 3268 nova
405 3206 537 3286 liquefiat
560 3208 684 3286 axungia
709 3214 739 3266 et
762 3225 830 3267 cera
853 3225 921 3268 curn
945 3207 1010 3268 oleo
1033 3217 1135 3271 vetere

146 3485 151 3498 .
198 3413 719 3502 13ᾶΗοἰΕ]ο[.Ρῑίη.πὴ.ᾋ,δῦ.
825 3414 864 3460 i‘l.
880 3407 971 3470 adeps
986 3409 1148 3459 umanum

84 3482 172 3541 le·
253 3495 292 3548 26
312 3490 398 3566 irini]
417 3490 538 3564 cyprim
559 3485 692 3548 Sorthuu.
