2438 3802
483 145 724 210 -121-

92 310 169 368 riam
190 309 297 385 siquis
316 307 543 367 commanducet
561 315 592 368 et
610 306 737 368 subinde
756 310 902 388 pituitam,
921 308 951 368 id
966 316 1012 370 est
1025 327 1108 370 umo-

91 415 158 456 rem
182 398 317 469 noxium,
346 404 468 475 expuat,
496 395 542 456 vel
569 395 721 456 marrubio
746 398 826 456 sicco
850 404 975 457 contuso
999 406 1030 458 et
1053 401 1108 458 cri-

92 485 187 566 blato,
211 484 236 544 si
260 487 327 564 quis
351 485 470 544 dentem
496 503 563 545 cum
588 487 715 564 gingivis
739 493 827 564 tegat.
874 485 956 545 Facit
979 485 1055 546 bene
1079 495 1142 549 et't

92 591 180 654 aqua,
202 575 234 632 in
258 592 315 651 qua
340 572 525 634 marrubium
550 581 667 634 coctum
692 585 746 651 est,
770 592 838 634 cum
861 592 895 633 os
914 573 1020 653 aliquis
1040 574 1109 634 inde

64 661 247 742 acolluerit3
275 664 348 722 item
372 661 546 723 milelolium
569 663 846 724 commanducatum
876 662 921 722 vel
949 681 1109 723 anemoues

92 750 205 811 herbae
228 750 312 811 radix
335 769 403 811 cum
428 753 494 828 pari
516 751 647 829 pondere
675 752 726 811 fici
753 752 995 812 commanducata
1019 753 1109 831 pitui-

92 850 155 900 tam
174 839 306 900 dentium
327 839 465 900 detrahit.
493 839 623 900 Cornum
643 842 796 902 cervinum
810 840 990 901 conbustum
1003 843 1109 901 tritum
1128 853 1144 902 8

89 947 163 1012 'cum
188 937 270 988 aceto
290 928 430 988 dentibus
449 928 617 1008 adpositum
636 928 767 1008 prodest.
797 928 891 991 Radix
909 929 1020 1008 lapathi
1039 944 1142 991 cume

92 1019 163 1077 vino
192 1025 276 1077 cocta
304 1016 350 1076 vel
377 1016 462 1076 taeda
489 1019 609 1096 pinguis
636 1019 753 1078 incocta
776 1026 859 1079 aceto
884 1017 930 1078 vel
953 1021 1108 1098 papaveris

49 1135 79 1175 10
93 1107 192 1184 capita
220 1113 250 1166 et
278 1112 380 1165 cortex
411 1104 479 1166 mali
508 1105 618 1166 Punici
640 1109 705 1184 pari
731 1107 862 1186 pondere
893 1109 960 1167 vino
992 1110 1109 1168 incocta

93 1194 142 1254 vel
165 1191 320 1274 tithymalli
343 1193 427 1254 radix
451 1194 587 1255 similiter
611 1213 680 1254 cum
702 1197 769 1254 vino
796 1203 880 1255 cocta
904 1195 950 1255 vel
973 1195 1108 1274 colocyn-

93 1283 194 1344 thidos
213 1285 356 1344 interiora
376 1301 444 1343 cum
463 1283 538 1343 lacte
558 1291 589 1343 et
605 1290 688 1343 aceto
703 1285 768 1360 pari
782 1301 922 1343 mensura
937 1285 1006 1343 trita
1021 1291 1110 1362 atque

92 1373 241 1451 permixta
268 1371 314 1432 vel
342 1372 445 1432 alterci
472 1372 556 1432 radix
584 1389 651 1432 eum
681 1379 764 1431 aceto
793 1379 876 1431 cocta
905 1371 951 1431 vel
975 1374 1110 1450 capparis

93 1462 179 1521 radix
203 1468 287 1521 cocta
306 1479 374 1521 cum
393 1467 476 1520 aceto
495 1468 596 1520 vetere
615 1459 661 1520 vel
679 1461 762 1521 iunci
780 1459 873 1540 radix,
897 1478 986 1539 quam
1004 1460 1110 1520 Graeci

48 1576 79 1618 η
94 1567 225 1628 cyperon
240 1549 397 1629 appellant,
415 1549 461 1609 vel
478 1548 651 1610 cucurbitae
665 1549 758 1629 radix,
777 1568 866 1628 quam
884 1549 963 1609 idem
979 1549 1111 1609 sonohon

93 1637 256 1718 appellant,
278 1637 325 1698 vel
348 1637 524 1717 pyrethrum
547 1638 825 1699 commanducatum
849 1638 1006 1698 adversum
1030 1637 1110 1697 dolo-

93 1744 160 1786 rem
179 1726 314 1787 dentium
331 1726 493 1804 plurimum
511 1735 647 1807 prosunt,
671 1729 697 1788 si
716 1735 746 1788 et
765 1745 840 1806 aqua
859 1729 932 1807 ipsa,
952 1746 1009 1805 qua
1029 1728 1109 1786 inco·

95 1823 215 1895 cuntur,
239 1834 290 1875 ore
314 1823 459 1875 teneatur.
497 1815 592 1875 Rosae
610 1815 693 1876 floris
713 1816 792 1895 quod
811 1823 857 1876 est
877 1815 990 1876 luteum
1009 1814 1111 1895 llVll,
1131 1829 1163 1877 10

94 1906 339 1983 crocomagmatis
354 1903 380 1963 ll
394 1902 467 1984 Vlll,
486 1922 603 1982 myrrae
618 1903 643 1963 ll
657 1903 730 1983 Vlll,
747 1903 839 1982 gallae
855 1903 991 1983 Syriacae
1006 1903 1032 1963 ll
1046 1903 1109 1984 llll,

51 2020 79 2062 ιο
94 1991 143 2052 his
166 1994 198 2051 in
220 2011 314 2053 unum
337 1995 438 2052 mixtis
462 1999 492 2051 et
514 1994 595 2051 tritis
619 1994 664 2053 uti
686 2001 805 2070 oportet
824 1994 921 2070 siccis,
945 2002 979 2053 ut
998 2011 1034 2051 ex
1052 1992 1110 2052 boo

94 2080 218 2160 pulvere
237 2083 371 2160 gingivae
390 2080 513 2141 adsidue
532 2080 696 2159 dentesque
715 2087 883 2158 tangantur.
916 2079 1011 2140 Rosae
1029 2080 1109 2158 lapil-
1132 2094 1163 2140 11

95 2169 141 2229 los
164 2169 210 2229 vel
234 2189 333 2249 grana,
358 2171 483 2249 quaein
504 2169 642 2230 folliculis
661 2171 725 2229 eius
746 2176 849 2247 postea
869 2187 957 2248 quam
977 2186 1043 2228 esse
1063 2169 1111 2227 de-

96 2260 182 2318 sierit
200 2260 402 2338 inveniuntur,
422 2258 535 2318 assabis
555 2266 585 2319 et
603 2260 634 2318 iu
652 2258 805 2337 pulverem
825 2258 943 2336 rediges
958 2257 993 2318 ad
1009 2255 1111 2335 llllll,

95 2346 179 2406 floris
203 2366 322 2426 quoque
345 2350 410 2408 eius
434 2349 507 2407 sicci
531 2346 556 2407 ll
580 2347 619 2428 ll,
649 2365 765 2428 myrrae
788 2347 850 2407 Χ]
878 2349 936 2408 teri
963 2347 1053 2407 facies
1082 2355 1112 2407 et

53 2463 81 2503 25
97 2437 177 2496 sicco
201 2436 322 2516 pulvere
342 2437 500 2497 adversum
519 2436 651 2497 dolorem
670 2437 769 2497 dentis
787 2438 882 2498 uteris
905 2438 955 2516 ita,
975 2444 1009 2497 ut
1027 2437 1112 2514 prius

97 2543 130 2585 os
159 2524 270 2585 colluas
299 2534 382 2586 aceto
407 2524 484 2586 salso
507 2525 617 2605 tepido.
658 2525 754 2586 Rosae
777 2529 899 2586 caninae
924 2527 998 2604 suci,
1024 2537 1164 2604 quam12

97 2612 203 2672 Graeci
226 2615 441 2692 cynorrlrodam
462 2624 576 2693 vocant,
600 2613 645 2674 vel
664 2616 758 2693 ipsius
777 2613 887 2674 herbae
906 2615 1016 2674 radicis
1035 2613 1061 2672 ll
1077 2612 1113 2690 ll,

96 2701 156 2779 lyci
184 2701 209 2761 ll
234 2701 247 2760 l
275 2721 343 2762 cum
371 2705 440 2762 vino
469 2710 589 2762 austero
618 2705 706 2780 coqui
735 2703 825 2760 facies
853 2712 884 2760 et
913 2703 1025 2761 adicies
1053 2699 1112 2760 alu-

96 2789 186 2848 minis
206 2788 232 2847 ll
250 2789 312 2866 llll,
336 2808 453 2867 myrrae
472 2789 498 2844 ll
517 2789 528 2844 l
548 2789 633 2845 etde
653 2789 820 2863 saepiarum
839 2790 925 2846 testis
944 2805 1019 2864 quae
1044 2796 1113 2846 suut

54 2910 83 2951 ω
97 2877 241 2935 interiora
264 2876 350 2955 llll·
374 2877 421 2934 his
444 2874 525 2933 tritis
548 2881 578 2932 et
601 2875 631 2932 in
654 2890 748 2931 unum
768 2875 990 2951 concorporatis
1009 2873 1113 2932 dentes

98 2972 129 3024 et
157 2965 290 3042 gingivas
320 2922 488 3040 cdutinges,
516 2967 584 3038 post
611 2958 669 3019 hoc
697 2961 765 3017 vino
792 2967 911 3018 austero
936 2977 969 3018 os
993 2958 1109 3018 collues.

97 3051 207 3131 Cyperi
226 3051 251 3111 X
269 3051 343 3132 Vlll,
367 3050 545 3112 sandaracae
569 3044 672 3126 llVll,
696 3045 788 3124 gallae
807 3045 880 3106 duas
899 3054 1009 3126 partes,
1032 3048 1112 3124 pipe-
1134 3058 1167 3107 13

97 3142 141 3200 ris
170 3140 228 3200 albi
256 3139 326 3220 lll,
355 3140 493 3201 aluminis
516 3137 580 3197 fissi
602 3135 686 3215 llll,
714 3151 830 3214 myrrae
855 3134 939 3214 llll,
968 3143 998 3194 et
1024 3134 1168 3195 huius

98 3229 309 3290 medicamenti
328 3229 432 3289 similis
454 3236 500 3288 est
518 3245 591 3287 usus
611 3227 688 3286 sicut
708 3225 881 3304 superioris,
900 3233 933 3283 ut
952 3225 1031 3283 sicco
1050 3223 1114 3302 pul·

169 3367 354 3445 ,lt.umorem
441 3359 625 3417 2marruvio.
707 3359 921 3415 tmarrurium.
1013 3365 1115 3412 bone-

99 3434 200 3491 monis.
294 3433 467 3490 ttritutum.
566 3437 599 3486 15
617 3433 814 3558 cyperon}m
773 3432 890 3487 scorion.
977 3429 1114 3513 sonchon]

100 3522 211 3562 soocon.
266 3512 300 3560 nt
316 3505 525 3575 cynocytidam3
544 3521 583 3559 ou
596 3501 738 3601 hypocisti
758 3508 814 3574 ctm
816 3504 845 3574 l?
891 3509 926 3558 32
944 3500 1123 3556 enodatione.
