2438 3802
500 142 696 207 „5-

87 303 278 366 litationibus
305 306 384 364 veris
411 305 513 385 fieret,
542 307 641 384 itaque
669 305 859 384 explicandae
888 308 932 366 rei
959 305 1102 367 adversus

89 393 303 455 obscuritatem
325 392 470 454 consului.
507 393 601 472 lgitur
624 393 751 473 epistula
774 393 842 454 talis
865 402 920 457 est.

156 535 333 596 Antiocho
356 536 434 614 regi
456 533 698 614 Hippocrates
722 535 814 596 Cous
838 535 991 597 salutem
1014 536 1041 597 d.

178 658 252 719 Eam
271 666 300 719 te
319 660 350 718 in
369 657 425 720 hoc
444 658 589 738 regnandi
608 677 731 720 munere
754 667 785 720 et
808 659 936 721 culmine
960 667 1102 738 reputans
1122 668 1136 716 1

89 749 240 809 sustinere
268 765 440 827 personam,
468 755 502 808 ut
529 765 582 808 rex
610 765 734 826 magnus
761 750 851 809 vitam
875 748 976 810 multis
1000 748 1102 810 utilem

61 839 121 898 sin
145 835 265 914 longum
288 835 452 914 provehere
476 835 597 917 debeas,
620 836 708 898 simul
729 838 880 917 ingentem
899 837 1102 917 providentiae

89 934 160 986 tuae
179 926 304 985 metiens
323 943 434 1005 curam,
453 943 510 1003 qua
530 927 806 1004 experientissimus
825 945 926 988 rerum
945 927 1103 989 mathesim

89 1032 211 1093 quoque
234 1014 328 1092 prime
352 1013 476 1092 adeptus
500 1032 546 1095 es,
573 1017 733 1075 convenire
761 1015 870 1077 talibus
894 1016 1001 1095 regalis
1024 1018 1102 1097 peri·

89 1104 148 1164 tiae
172 1101 280 1162 studiis
298 1101 459 1163 arbitratus
480 1120 547 1163 sum
566 1103 757 1165 domesticam
776 1123 896 1185 quoque
914 1105 1020 1167 tuendi
1038 1123 1102 1166 eor-

89 1193 172 1270 poris
191 1198 222 1250 et
239 1190 444 1269 procurandae
463 1191 640 1252 valetudinis
659 1195 826 1275 scientiam,
846 1212 937 1272 super
952 1196 1039 1255 cuius
1053 1192 1103 1255 ob·

51 1297 75 1336 xo
91 1278 308 1340 secretionibus
327 1279 363 1339 ad
382 1286 412 1340 te
430 1279 622 1340 scribendum
640 1284 751 1361 putavi,
775 1290 808 1342 ut
827 1290 857 1342 et
877 1281 986 1360 quibus
1005 1283 1103 1342 causis

92 1368 189 1430 morbi
204 1369 367 1429 existerent
384 1377 414 1429 et
428 1367 537 1447 quibus
552 1378 821 1446 praenoscerentur
835 1369 953 1430 iudiciis
968 1377 999 1430 et
1013 1369 1104 1448 quali·

92 1456 149 1517 bus
166 1459 244 1518 inter
263 1457 384 1518 exordia
403 1459 624 1535 perimerentur
643 1456 777 1518 medellis
796 1456 993 1518 ostenderem.
1030 1456 1104 1518 Nam

90 1545 153 1606 iere
168 1553 202 1607 ut
216 1544 289 1606 eaeli
303 1545 475 1607 turbulenta
490 1553 651 1624 tempestas
669 1564 831 1626 numquam
849 1547 907 1607 nisi
925 1546 1104 1627 praeceden-

91 1634 173 1695 tibus
187 1633 263 1695 solet
277 1636 370 1714 signis
384 1637 534 1716 ingruere,
548 1637 588 1697 ita
603 1654 763 1715 corporum
777 1637 952 1697 inminentia
962 1635 1104 1716 pleraque

50 1739 77 1780 15
92 1723 278 1784 incommoda
296 1731 381 1784 ortus
400 1727 514 1803 proprii
533 1725 747 1804 significatione
766 1733 979 1788 monstrantur.
1008 1725 1104 1805 Spon-

92 1812 147 1873 deo
162 1819 261 1872 autem
275 1830 329 1891 pro
344 1814 476 1890 ingenita
490 1813 649 1895 docilitate,
664 1833 722 1894 qua
736 1822 867 1876 nostram
881 1833 1000 1895 quoque
1014 1832 1105 1894 super

92 1901 139 1961 bis
154 1900 244 1962 rebus
259 1900 420 1962 sollertiam
434 1901 552 1981 probas,
567 1904 688 1963 monitis
702 1905 777 1964 meis
790 1904 1006 1966 auscultantem
1016 1921 1105 1984 posse

93 1997 122 2050 te
141 1989 289 2069 reliquum
308 1992 384 2050 ritae
404 1997 522 2069 tempus
541 1990 627 2050 firma
645 1990 813 2052 valetudine
832 2001 862 2053 et
884 1993 971 2071 plena
992 1992 1104 2054 incolu-

92 2080 194 2139 mitate
212 2079 390 2157 producere.
428 2078 569 2158 Corporis
588 2080 680 2156 igitur
702 2078 825 2139 humani
843 2079 877 2140 fit
895 2099 911 2140 a
930 2079 1016 2140 nobis
1036 2097 1104 2157 qua·
1125 2087 1141 2135 2

51 2183 79 2224 so
93 2167 248 2246 dripertita
273 2167 391 2248 divisio,
422 2168 508 2229 euius
536 2169 566 2228 in
597 2166 732 2246 partibus
755 2166 880 2247 singulis
904 2167 1106 2229 valetudinum

91 2257 255 2317 moderatio
275 2258 454 2317 continetur.
495 2255 571 2317 Sunt
590 2264 689 2318 autem
707 2265 808 2337 partes
826 2257 895 2319 bae:
921 2276 990 2319 curn
1009 2258 1106 2336 capite

91 2347 153 2405 oris
172 2344 347 2426 sublimitas,
366 2347 497 2424 pectoris
516 2344 638 2428 latebra,
656 2348 770 2408 ventris
789 2346 1020 2429 receptaculum,
1040 2365 1105 2408 sen-

91 2435 152 2494 tina
181 2436 305 2494 vesicae,
348 2433 379 2494 Si
407 2436 498 2513 capiti
524 2437 616 2514 igitur
643 2438 759 2497 eveniat
787 2437 1021 2518 incommodum,
1054 2443 1106 2496 aut

91 2521 231 2583 tenebrae
246 2522 442 2583 offunduntur
456 2531 508 2584 aut
521 2527 618 2585 cietur
636 2524 721 2585 dolor
740 2534 791 2587 aut
809 2534 915 2587 onusta
936 2528 1019 2605 quasi
1033 2543 1106 2604 pon·

51 2625 78 2667 aa
93 2610 164 2671 dere
193 2610 352 2690 supercilia
381 2613 551 2673 sentiuntur
579 2620 630 2673 aut
655 2615 688 2674 fit
711 2621 879 2694 temporum
902 2614 1006 2693 pulsus
1029 2614 1106 2674 adsi-

90 2700 169 2760 duus
192 2709 243 2762 aut
266 2700 502 2762 tumescentibus
525 2720 611 2762 mane
634 2701 729 2763 oculis
748 2703 854 2781 caligat
872 2703 1031 2782 adspectus
1055 2708 1107 2762 aut

92 2805 180 2848 aures
207 2790 340 2850 tinniunt
368 2797 398 2850 et
426 2799 547 2869 accepto
576 2791 704 2868 quodam
731 2793 858 2853 interius
886 2792 1105 2853 tumultuantur

95 2891 178 2934 sono.
218 2874 270 2936 llis
297 2896 367 2957 ergo
397 2879 490 2954 siguis
520 2878 717 2937 existentibus
745 2887 835 2956 caput
862 2888 908 2939 est
930 2881 1105 2957 purgatione

95 2963 269 3044 ornandum,
296 2966 349 3028 sed
378 2981 470 3044 super
496 2963 667 3024 huiusmodi
699 2971 798 3024 tamen
830 2963 940 3024 leviore
973 2963 1108 3046 medella,

53 3066 80 3106 ³0
93 3050 198 3132 hysopi
220 3053 266 3114 vel
287 3057 402 3133 origani
421 3052 515 3114 Indici
534 3069 618 3112 coma
637 3051 746 3111 iniecta
765 3051 885 3113 defruto
904 3053 966 3112 sive
985 3051 1108 3133 mulsae,

163 3224 314 3295 iprimue.
389 3231 404 3280 9
424 3222 595 3280 valetudinis
615 3228 664 3280 Im
682 3221 847 3280 valitudinis
866 3228 925 3281 2m.
992 3227 1024 3279 15
1043 3241 1106 3293 pro·

89 3294 144 3418 prii
164 3295 334 3365 Stephanus:
357 3295 485 3366 propriis.
574 3301 606 3350 1⁷
627 3295 859 3352 abauscultatem.
946 3300 979 3352 18
997 3294 1105 3350 valetu-

109 3367 155 3421 ine
174 3372 225 3422 Im
248 3366 326 3422 volit.
346 3371 405 3423 2m.
465 3366 709 3424 toralitudinum.
774 3373 806 3421 at
823 3384 886 3424 com
901 3373 948 3425 1m
968 3385 1032 3422 cum
1045 3370 1104 3424 dm.

90 3441 124 3491 22
143 3437 236 3493 latera
254 3438 347 3494 littera
365 3439 384 3494 b
402 3455 489 3494 erasa
553 3444 588 3492 24
602 3439 781 3494 offenduntur
794 3456 828 3495 ex
842 3439 1023 3497 offunduntur
1036 3455 1105 3497 corr.

90 3512 125 3562 xo
144 3508 363 3564 inmiscentibus
383 3514 434 3566 lm.
507 3515 542 3565 30
560 3509 651 3582 ysopi.
723 3509 803 3586 sirei
816 3511 886 3578 sibi
944 3513 1055 3570 mulsa..
1177 3558 1182 3607 ,
