2438 3802
498 162 733 226 -365-

198 322 332 382 Pannum
355 321 544 401 muliebrem,
567 322 596 382 id
621 331 667 382 est
689 323 910 403 menstrualem,
933 323 998 383 oleo
1022 326 1118 384 made·
1138 341 1172 390 30

109 411 219 471 factum
244 428 388 490 excoque,
417 409 523 470 deinde
553 413 684 488 exprime
711 419 742 470 et
764 429 862 470 ceram
885 411 928 470 illi
951 411 1014 471 oleo
1039 413 1118 472 sufii-

109 501 236 558 cientem
256 498 356 578 addes,
375 505 408 558 ut
427 506 562 558 cerotum
581 498 679 580 facias,
699 517 757 577 quo
774 498 961 559 arthriticum
976 499 1021 558 vel
1036 518 1118 578 para-

108 586 229 666 lyticum
253 586 367 646 utiliter
390 603 547 665 perunges.

80 697 94 738 5
197 674 348 734 Confectio
368 676 453 753 accpi
471 674 506 734 ad
526 674 701 734 reficiendos
719 675 995 752 confirmandosque
1011 693 1117 734 nervos
1136 691 1170 740 31

108 763 165 822 sic:
202 761 346 841 'lhapsiae
377 794 414 804 -
445 761 471 841 l,
494 762 615 822 adarces
643 795 687 804 -
713 762 727 821 l
756 763 789 842 S,
813 763 955 842 cachryos
986 796 1022 806 ·-
1049 762 1062 821 Ι
1087 762 1116 841 S,

109 849 237 909 euforbii
264 881 305 893 —
334 850 347 910 l
376 850 409 929 S,
441 868 514 910 uvae
543 850 692 910 silvaticae
721 853 785 911 suci
815 884 853 894 -
883 850 951 931 llll,
984 851 1118 930 pyrethri

112 969 150 979 —
171 936 233 1018 llll,
256 940 371 998 resinae
394 937 612 998 terebinthinae
635 971 680 981 -
698 936 743 1019 Vl,
767 957 852 999 cerae
876 940 959 999 rufae
986 972 1023 982 -
1045 938 1117 1019 Vlll,

108 1025 166 1085 olei
180 1028 294 1105 cyprini
308 1059 347 1069 —
359 1025 421 1106 llll,
436 1028 547 1104 piperis
563 1028 664 1086 uncias
680 1034 828 1106 quattuor,
843 1029 953 1106 sinapis
968 1030 1071 1087 uncias
1082 1027 1116 1087 ll.

65 1139 93 1178 ιο
107 1112 186 1173 Haec
209 1116 307 1174 omnia
330 1116 487 1193 separatim
512 1124 598 1175 tunsa
621 1121 651 1174 et
669 1113 797 1174 cribrata
815 1118 846 1174 in
866 1133 958 1175 unum
977 1114 1117 1175 miscebis

107 1209 137 1262 et
151 1201 230 1263 lento
245 1204 312 1280 igne
327 1202 493 1262 diutissime
512 1202 661 1280 decoques
680 1209 711 1262 et
726 1219 844 1279 semper
858 1201 990 1281 agitabis,
1009 1203 1115 1262 deinde

106 1289 280 1368 refrigerata
303 1291 333 1349 in
356 1291 493 1369 pyxidem
516 1291 642 1369 ligneam
666 1298 716 1350 aut
737 1307 875 1350 corneam
898 1290 1051 1349 recondes,

170 1424 172 1429 ¹
195 1378 375 1457 Compositio
399 1377 563 1459 emplastri,
592 1378 669 1457 quod
698 1377 863 1456 appellatur
886 1377 1018 1456 smilion,
1046 1378 1116 1438 facit
1134 1395 1168 1444 32

106 1465 142 1525 ad
166 1485 268 1526 omnes
292 1484 451 1526 nervorum
475 1469 692 1527 contractiones
716 1465 888 1526 relaxandas
916 1472 946 1526 et
970 1464 1005 1524 ad
1030 1484 1115 1544 quas-

66 1575 93 1617 1s
106 1553 179 1614 libet
202 1557 393 1615 contusiones
411 1554 568 1633 placandas
586 1554 763 1633 doloresque
785 1554 940 1634 sedandoS,
959 1554 1116 1614 conficitur

105 1645 162 1702 sic:
181 1642 307 1703 Resinae
326 1643 430 1703 frictae
444 1676 487 1685 —
502 1642 548 1724 Vl,
567 1642 667 1722 butyri
686 1642 806 1703 exsalati
826 1645 930 1703 uncias
950 1661 1009 1722 sex,
1029 1661 1115 1703 cerae

104 1732 207 1790 uncias
231 1749 291 1812 sex,
315 1732 387 1792 nitri
410 1733 441 1791 in
463 1731 616 1810 pulverem
636 1730 861 1791 subtilissimum
880 1730 993 1791 redacti
1012 1733 1114 1790 uncias

105 1836 170 1898 sex3
198 1837 273 1897 quae
301 1837 390 1898 supra
414 1828 512 1880 notata
541 1828 625 1900 sunt,
649 1818 729 1878 lento
752 1821 815 1897 igni
837 1821 867 1879 in
887 1817 1012 1879 caccabo
1032 1819 1115 1879 fictili

105 1905 274 1986 solvuntur,
303 1924 377 1984 quac
406 1925 474 1967 cum
497 1908 609 1968 fuerint
632 1907 741 1987 soluta,
767 1910 955 1986 superposito
979 1905 1114 1967 carboni·

64 2016 92 2054 eo
106 1993 163 2052 bus
186 1993 311 2052 caccabo
335 1993 473 2071 paulatim
498 1997 619 2074 nitrum,
641 1995 719 2073 quod
739 1997 770 2055 in
789 1994 941 2073 pulverem
960 1994 1114 2056 redactum

105 2079 204 2159 fuerit,
229 2083 453 2158 supermittetur
477 2091 507 2142 et
525 2083 693 2161 agitabitur.
730 2082 953 2143 Observandum
973 2100 1053 2162 sane,
1076 2101 1114 2142 ne

104 2168 252 2228 fervorem
275 2169 415 2246 grandem
440 2169 528 2230 ducat
551 2180 602 2231 aut
624 2171 729 2232 bulliat
751 2190 785 2231 ac
804 2178 899 2237 totum
919 2170 1113 2249 superfunda-

104 2264 154 2317 tur
178 2265 207 2317 et
230 2266 345 2338 pereat,
369 2257 448 2336 quod
471 2259 498 2318 si
520 2257 645 2319 validius
668 2259 724 2320 hoc
748 2259 996 2319 medicamentum
1015 2259 1112 2319 facere

104 2345 241 2424 volueris,
262 2364 352 2425 supra
367 2346 456 2408 dictis
475 2346 631 2426 speciebus
650 2347 827 2409 admiscebis
849 2349 964 2408 resinae
983 2346 1112 2407 terebin-

63 2433 201 2497 ruthinae
221 2436 323 2495 uncias
343 2442 492 2518 quattuor,
511 2435 626 2515 galbani
643 2438 746 2497 uncias
760 2445 831 2498 tres.
862 2435 1040 2497 Solvendum
1055 2435 1113 2515 gal·

102 2520 212 2582 barrum
230 2523 367 2584 manibus
386 2524 497 2605 calidis,
516 2527 594 2586 sicut
613 2525 688 2585 solet
704 2543 772 2586 cera
786 2525 903 2605 molliri,
922 2534 952 2586 et
971 2527 1003 2585 in
1023 2543 1113 2603 supra

103 2609 190 2670 dictis
222 2611 378 2688 speciebus
411 2613 603 2692 mittendum,
636 2631 704 2674 cum
736 2615 848 2674 fuerint
880 2613 992 2674 solutae
1024 2621 1113 2692 atque

101 2700 277 2777 permixtae,
300 2707 363 2757 tum
387 2699 506 2759 demum
527 2702 624 2759 omnia
643 2701 694 2760 diu
713 2700 845 2780 agitabis,
864 2709 898 2759 ut
916 2701 1111 2760 medicamen-

101 2793 165 2843 tum
185 2785 262 2842 sicut
283 2792 417 2844 cerotum
437 2785 663 2845 subtilissimum
678 2787 737 2866 fiat,
756 2805 814 2863 quo
833 2794 935 2865 postea
954 2788 1034 2847 velut
1053 2807 1112 2846 em·

62 2893 89 2934 oo
103 2871 214 2950 plastro
242 2871 277 2930 ad
302 2888 392 2948 supra
415 2871 509 2931 dictas
532 2890 635 2932 causas
659 2880 797 2950 potenter
820 2875 921 2933 uteris.

191 2958 370 3036 Compositio
390 2959 436 3018 dia
455 2958 602 3036 pisselaeu
621 2960 658 3020 ad
674 2978 781 3020 nervos
794 2963 925 3039 rigentes
941 2967 970 3020 et
984 2959 1111 3020 offensos
1130 2975 1164 3024 aa

101 3046 259 3126 placandos
280 3055 309 3107 et
328 3046 363 3106 ad
382 3048 496 3107 viscera
514 3046 671 3108 mollienda
686 3048 843 3108 conficitur
857 3049 913 3109 sie:
932 3047 1010 3107 Picis
1025 3047 1111 3126 liqui·

102 3136 155 3195 dae
169 3136 267 3213 pondo
282 3135 316 3215 ll,
331 3153 416 3196 cerae
431 3134 528 3214 pondo
539 3134 560 3217 l,
574 3135 705 3215 pulveris
720 3136 797 3196 faeni
811 3138 909 3215 graeci
924 3137 1025 3197 uncias
1040 3143 1110 3216 tres,

101 3223 233 3301 pulveris
247 3226 357 3304 cymini
371 3226 473 3285 uncias
488 3231 559 3306 tres,
579 3224 668 3285 bacae
687 3224 763 3285 lauri
776 3225 907 3304 pulveris
922 3226 1025 3285 uncias
1039 3232 1110 3305 tres,

61 3333 88 3374 os
102 3311 171 3372 salis
190 3313 262 3372 sicci
281 3314 345 3373 triti
363 3315 466 3374 uncias
484 3321 559 3396 tres,
578 3315 627 3394 pir
646 3313 758 3394 liquida
776 3316 946 3375 remittetur
961 3312 1120 3371 etesius&-

101 3409 156 3476 tur,
176 3399 272 3458 addita
293 3401 399 3464 deinde
419 3421 489 3466 cera
508 3402 593 3468 lento
610 3406 685 3488 igne
701 3403 861 3484 soluetur,
873 3403 924 3460 sie
936 3398 1156 3466 emdash&

83 3484 141 3558 ,⁰111
144 3487 220 3544 reris
233 3496 313 3570 sunt,
330 3495 428 3556 mixta
445 3498 614 3565 mittentur
629 3505 666 3562 et
679 3493 930 3579 coagitabuntur
943 3474 1190 3548 excomm*-
