2438 3802
508 148 746 213 -326—

122 316 214 395 veris3
241 312 298 373 hoc
326 313 415 373 etiam
442 313 539 388 aegris
567 312 631 371 sine
660 309 833 371 difficultate
861 312 1030 392 succurrit;
1065 314 1151 373 sanis

124 402 226 463 eadem
249 419 326 481 aqua
349 418 417 461 cum
440 399 568 480 condito,
592 401 618 459 si
641 401 682 460 ita
704 398 815 477 malint,
839 399 949 476 optime
973 399 1081 462 datur.

72 503 105 553 62
213 491 257 551 Ad
276 488 395 550 cholera
413 488 610 566 reprimenda.
637 487 773 548 Puleium
790 485 1077 550 commanducatum
1097 508 1149 551 su·

124 598 178 659 per
197 578 371 640 umbilicum
389 577 552 655 inpositum
571 575 791 655 obligatumque
810 577 998 654 supprimere
1020 577 1148 640 cholera

125 676 155 729 et
182 667 406 745 intempestivos
434 671 464 724 et
491 666 649 725 continuos
672 667 800 731 vomitus
827 665 903 724 mire
931 672 1062 726 constat.
1115 667 1170 728 Sis

124 757 160 815 de
189 754 307 816 cholera
336 761 435 813 autem
461 759 544 813 tanta
571 754 730 814 concitatio
758 755 886 813 vomitus
914 760 973 832 est,
1007 762 1042 814 ut
1074 775 1147 818 con·

124 844 215 902 tineri
237 860 296 902 non
320 842 428 921 possit,
456 841 610 921 hedyosmi
636 849 687 902 aut
715 859 821 902 erucae
844 838 975 901 ramulos
999 848 1066 902 tres
1093 854 1146 907 aut

125 938 265 1009 quattuor
283 948 351 991 cum
370 929 439 990 mali
458 931 572 1009 grauati
589 948 661 991 suco
676 931 822 991 contritos
836 928 1040 990 absorbendos
1061 931 1145 1016 dato,

70 1032 103 1081 63
123 1021 264 1080 continuo
284 1017 444 1080 sedabitur.
478 1018 584 1080 Vinum
603 1026 750 1098 myrteum
769 1016 949 1079 sorbendum
969 1017 1048 1100 dato,
1071 1039 1145 1098 pro-

122 1110 203 1170 tinus
227 1108 371 1168 vomitum
394 1109 576 1189 conprimes;
599 1107 675 1168 lauri
696 1107 784 1167 bacas
803 1106 916 1185 aliquot
935 1109 1084 1169 contritas
1105 1126 1176 1171 exn

121 1199 190 1257 rino
218 1198 303 1276 potui
330 1195 413 1257 datas
439 1215 616 1257 succurrere
640 1194 759 1256 cholera
782 1194 985 1255 laborantibus
1010 1205 1143 1261 constat.

69 1288 103 1337 64
121 1285 272 1347 Mororum
302 1285 338 1346 de
367 1284 451 1346 rubis
480 1302 571 1345 sircus
599 1291 704 1364 epotus
732 1284 894 1344 efficaciter
921 1282 1045 1362 prodest
1069 1287 1142 1348 cho-

122 1375 193 1434 leris
216 1374 427 1454 reprimendis3
456 1373 555 1433 caules
579 1380 722 1452 quantum
745 1374 873 1432 maiores
897 1372 1023 1433 discocti
1047 1383 1079 1434 et
1105 1395 1142 1436 ex

69 1465 103 1514 66
122 1470 205 1523 aceto
238 1464 348 1541 sumpti
377 1461 512 1521 similiter
540 1462 704 1522 medentur.
751 1460 888 1540 Cydonea
914 1460 990 1520 hene
1019 1471 1142 1526 matura

121 1569 182 1611 non
206 1558 289 1612 cocta
311 1552 343 1610 in
367 1549 433 1610 cibo
457 1556 577 1628 accepta
601 1550 738 1610 similiter
758 1556 898 1630 prosunt3
922 1549 1011 1610 bacae
1032 1552 1141 1614 itidem
1155 1567 1177 1608 u

122 1639 238 1718 agrifoli
260 1641 347 1699 tritae
371 1656 440 1699 cum
463 1639 531 1697 vino
555 1639 639 1716 potui
662 1637 745 1698 datae
770 1641 829 1699 cito
856 1637 1045 1700 subveniunt.

69 1731 102 1781 66
210 1727 255 1788 Ad
287 1727 384 1787 alvum
417 1725 620 1787 concitandam
653 1728 755 1787 aizoon
784 1725 890 1808 herba,
923 1745 997 1805 quae
1030 1727 1142 1792 Latine

123 1816 228 1877 sedum
246 1815 419 1897 appellatur,
439 1834 474 1875 ex
493 1817 561 1875 vino
580 1816 708 1876 contrita
727 1823 854 1894 potaque
871 1814 1033 1893 plurimum
1048 1821 1142 1896 prod-

69 1908 103 1957 6'1
123 1912 177 1966 est.
219 1904 335 1965 Herhae
362 1906 527 1965 vettonicae
555 1906 586 1964 in
613 1903 718 1964 umbra
746 1904 892 1964 arefactae
918 1903 985 1964 lolia
1009 1914 1141 1970 contusa

122 2002 152 2054 et
180 1995 211 2053 in
240 1992 392 2072 pulverem
420 1993 540 2053 redacta
568 1993 603 2052 ad
626 1992 743 2071 pondus
767 1992 957 2052 denariorum
980 1994 1076 2055 trium
1101 2011 1178 2058 exso

120 2081 300 2160 hydromelis
320 2082 432 2161 cyathis
449 2080 526 2140 Vllll
544 2079 671 2141 hibenda
689 2099 743 2160 per
761 2081 895 2141 triduum
914 2081 979 2141 data
999 2090 1140 2145 ventrem

69 2173 102 2222 68
122 2173 185 2230 sine
205 2170 340 2230 molestia
354 2171 494 2230 continuo
509 2177 637 2230 movent.
662 2168 815 2230 Brassioae
830 2171 1008 2230 tenerrimae
1023 2175 1139 2234 contri-

121 2266 168 2318 tae
188 2276 293 2319 sucum
312 2275 487 2335 expressum
506 2259 532 2317 si
551 2259 617 2336 quis
640 2257 677 2318 ad
701 2275 752 2318 sex
776 2257 940 2338 cotylarum
962 2277 1139 2322 mensuram

122 2345 244 2405 adiectis
272 2346 333 2404 vini
361 2344 473 2422 cyathis
501 2344 598 2405 tribus
625 2347 743 2407 ieiunus
767 2345 890 2426 biberit,
916 2349 956 2406 ita
979 2354 1014 2408 ut
1036 2349 1138 2425 pridie

121 2450 181 2492 non
214 2440 301 2492 cenet
332 2439 363 2491 et
394 2431 469 2492 hene
500 2433 632 2510 digestus
665 2437 717 2515 sit,
751 2435 875 2496 mirifice
907 2453 941 2496 ac
974 2437 1038 2496 sine
1073 2437 1136 2499 ullo
1152 2452 1177 2494 aa

69 2525 101 2573 oe
122 2519 218 2580 taedio
238 2519 300 2579 alvo
321 2521 466 2580 concitata
484 2520 668 2600 purgabitur.
702 2521 886 2584 Orbicularis
905 2523 1024 2604 herbae,
1043 2543 1137 2604 quam

122 2607 233 2668 Graece
261 2608 444 2688 cyclaminon
472 2616 591 2692 vocant,
622 2613 648 2671 si
676 2614 742 2690 quis
771 2630 912 2690 expresso
941 2631 1013 2673 suco
1042 2631 1136 2676 anum

121 2699 303 2778 perunxerit,
327 2699 401 2758 mira
425 2698 576 2760 celeritate
599 2702 770 2778 experietur
793 2700 849 2760 alvi
872 2700 1059 2762 solutionem.

69 2789 102 2838 70
209 2784 248 2847 Ut
266 2789 442 2866 purgatione
462 2790 573 2850 ventris
592 2788 720 2849 relevato
740 2807 864 2867 corpore
880 2788 1040 2850 salubriter
1055 2799 1134 2852 aeta·

121 2884 181 2936 tem
205 2894 285 2956 agas,
309 2875 406 2937 alvum
429 2877 485 2938 hoc
509 2895 617 2957 genere
641 2876 813 2938 concitabis
855 2877 978 2938 Gladioli
1000 2879 1134 2941 radicem
1148 2895 1175 2935 so

120 2964 305 3043 longitudine
328 2983 362 3026 ac
385 2964 570 3044 plenitudine
594 2965 680 3044 digiti
699 2964 823 3046 pollicis,
848 2968 874 3027 si
893 2967 1018 3026 feminae
1038 2985 1136 3030 reme·

121 3053 203 3114 dium
227 3054 356 3114 dandum
380 3056 450 3135 erit,
479 3057 504 3115 si
527 3056 603 3134 viro,
627 3055 662 3114 ad
687 3054 914 3115 crassitudinem
938 3054 1066 3116 duorum
1091 3058 1135 3119 di-

120 3143 249 3218 gitorum
283 3149 312 3203 et
344 3141 559 3220 longitudinem
587 3143 676 3203 unius
707 3142 790 3204 dabis
818 3143 953 3203 derasam
985 3153 1015 3205 et
1042 3144 1136 3206 lotam

120 3231 336 3310 contritamque
358 3229 556 3291 valentissime
576 3230 699 3291 adiectis
718 3249 811 3311 aquae
832 3232 944 3312 cyathis
962 3231 1016 3292 llll
1035 3244 1087 3295 aut
1102 3234 1136 3316 V,

208 3439 224 3487 2
244 3434 357 3490 condito
376 3439 425 3490 lm
444 3435 621 3491 condimento
641 3441 701 3494 2m.
772 3444 803 3493 11
825 3437 943 3495 cholera.
1014 3443 1046 3493 17
1067 3455 1135 3496 oon-

113 3501 260 3560 or'tandam
278 3510 297 3561 1
303 3522 329 3562 m
348 3505 547 3563 concitandum
564 3510 626 3566 2ro.
697 3513 731 3564 23
751 3509 907 3565 cotilarum.
