2438 3802
483 137 721 201 -193-

90 297 191 360 machi
213 298 283 360 lacit
306 307 336 358 et
359 298 485 359 liuorem
509 299 650 380 eiusdem,
674 301 800 358 maxime
819 318 889 359 vero
910 318 978 360 cum
996 302 1107 363 infirmi

90 387 168 449 nihil
191 386 249 447 cibi
273 390 403 447 retinere
427 397 552 465 possunt
571 396 600 447 et
619 387 763 466 quidquid
784 386 884 448 datum
904 396 949 448 est
968 392 1105 471 reiciunt,

90 477 201 554 recipit
223 475 310 536 haec:
338 474 497 536 Mastiches
521 476 662 536 candidae
687 478 817 557 unciam,
841 477 1025 554 tragacanthi
1047 478 1106 539 albi

89 567 224 644 unciam,
256 563 434 643 Apollinaris
463 564 573 624 herbae
602 564 710 625 radicis
739 567 865 626 unciam¹
886 584 983 626 unam.
1032 565 1105 626 Con-

60 653 230 714 stunditur
258 654 483 731 tragacanthum
512 672 579 713 cum
602 653 715 734 radice,
743 663 846 732 postea
869 655 1013 715 mastiche
1037 658 1105 715 trita

90 741 221 802 adicitur
244 750 274 802 et
297 744 453 820 reponitur
477 743 722 802 medicamentum
747 745 778 802 in
800 745 893 803 vitreo
912 762 989 804 vaso.
1030 743 1105 804 Dan·

90 838 158 911 tur,
187 848 253 890 oum
279 848 353 909 opus
377 838 435 911 est,
464 831 607 891 coclearia
631 830 699 891 bina
723 840 787 910 aut,
815 841 904 911 prout
930 836 1104 912 oportuerit,

89 918 160 998 plus
183 921 317 979 minusve
339 919 504 979 secundum
521 923 665 980 vomitum
683 921 794 981 iactum
813 939 847 981 ex
868 940 961 1000 aquae
980 922 1104 1000 frigidae

92 1006 208 1087 cyathis
231 1008 336 1068 tribus.

46 1116 75 1156 ro
183 1096 226 1155 Ad
255 1096 399 1157 stomachi
426 1096 558 1156 dolorem
587 1104 617 1156 et
645 1096 826 1157 inflationem
855 1099 1019 1159 remedium
1048 1102 1104 1159 sic:
1125 1112 1158 1160 16

90 1183 260 1246 Palmarum
279 1185 417 1245 denarios
432 1184 520 1264 XXX,
544 1187 627 1245 anesi
645 1184 747 1263 Xllll,
771 1187 852 1245 croci
871 1185 946 1265 llll,
968 1188 1011 1264 git
1029 1185 1054 1244 X
1069 1185 1106 1266 ΙΙ,

91 1275 170 1334 asari
200 1272 282 1353 llll,
311 1276 401 1352 myrti
428 1276 529 1352 nigrae
558 1274 698 1333 bacarum
722 1272 832 1353 Xllll,
860 1275 991 1351 iuniperi
1018 1273 1105 1334 bacas

91 1361 262 1422 enucleatas
285 1381 410 1423 numero
433 1365 546 1440 viginti.
588 1361 819 1422 Contunduntur
847 1379 983 1421 seorsum
1007 1364 1105 1423 omnia

92 1459 123 1510 et
152 1452 183 1510 in
212 1469 305 1512 unum
334 1454 579 1532 commiscentur,
608 1451 715 1510 deinde
743 1451 819 1511 fiunt
846 1449 968 1530 pastilli,
996 1449 1046 1511 alii
1069 1451 1105 1511 ad

49 1557 77 1600 ro
92 1557 263 1600 mensuram
284 1540 405 1620 denarii,
426 1540 474 1599 alii
495 1540 530 1599 ad
550 1540 667 1618 pondus
686 1541 846 1620 victoriati3
870 1539 978 1600 dantur
996 1542 1104 1600 ieiunis

91 1647 129 1689 ex
153 1646 246 1707 aquae
270 1629 382 1707 cyathis
404 1628 502 1690 tribus
526 1637 577 1689 aut
600 1647 636 1689 ex
659 1637 801 1708 protropo
824 1637 932 1707 musto,
956 1629 1035 1707 quod
1060 1637 1106 1689 est

91 1719 173 1796 passi
196 1735 298 1794 genus.

182 1805 429 1866 Medicamentum
449 1808 561 1866 siccum
580 1805 616 1865 ad
638 1805 783 1865 stomachi
801 1804 982 1865 inflationem
1006 1815 1036 1865 et
1054 1805 1104 1865 do·
1126 1819 1157 1870 17

91 1894 187 1954 iorem
206 1902 236 1954 et
254 1895 391 1976 inediam,
409 1904 508 1955 movet
527 1902 557 1954 et
575 1897 704 1974 urinam3
728 1894 795 1953 ideo
819 1893 889 1952 facit
904 1900 933 1952 et
947 1893 983 1954 ad
998 1893 1104 1974 hydro·
1133 1916 1136 1924 ·

53 1984 178 2061 aopicos
205 1993 234 2044 et
262 1986 346 2044 iecur
373 1985 482 2045 durum
508 1982 652 2042 hahentes
683 1991 713 2041 et
742 1982 778 2041 ad
806 1984 983 2062 auriginem,
1017 2001 1105 2061 quam

94 2071 212 2150 quidam
236 2074 361 2153 regium,
385 2073 504 2152 quidam
527 2080 684 2150 arquatum
707 2069 845 2130 morbum
868 2079 986 2150 vocant3
1012 2071 1104 2130 reler-

92 2169 143 2222 tur
166 2163 197 2220 in
215 2161 329 2221 Musam
347 2163 517 2240 Antonium,
540 2161 648 2238 recipit
671 2167 770 2219 autem
792 2159 880 2220 haec:
908 2158 996 2218 Alces
1017 2159 1104 2219 dena-

92 2251 154 2310 rios
178 2249 210 2330 V,
234 2252 324 2328 croci,
347 2253 485 2328 cinnami,
508 2248 595 2309 nardi
618 2247 754 2328 Syriacae
778 2250 886 2328 spicae,
914 2250 1000 2328 asari,
1025 2246 1107 2326 xylo·‘

91 2337 224 2418 balsami,
240 2339 398 2398 mastiches
414 2338 512 2419 Chiae,
527 2337 712 2418 singulorum
727 2337 864 2398 denarios
879 2356 981 2418 senos,
996 2338 1105 2398 dantur

51 2443 78 2484 rs
92 2427 237 2488 coclearia
260 2427 329 2487 bina
352 2427 398 2487 vel
420 2435 505 2488 terna
529 2446 565 2487 ex
588 2445 681 2506 aquae
705 2427 818 2507 cyathis
842 2427 948 2488 tribus

180 2515 266 2576 Potio
295 2516 448 2576 Cosmiana
477 2516 513 2576 ad
542 2535 660 2577 omnem
691 2518 843 2577 internum
873 2516 1019 2596 dolorem,
1052 2515 1105 2576 sed
1125 2529 1158 2580 18

92 2606 164 2664 lacit
186 2605 311 2665 mirilico
335 2605 370 2665 ad
395 2605 540 2666 stomachi
562 2604 679 2665 dolores
708 2613 738 2666 et
763 2607 797 2666 ad
822 2609 950 2666 tussioos
975 2615 1005 2665 et
1027 2605 1104 2684 pthi-

93 2695 171 2754 sicos
199 2695 374 2770 sanguinem
403 2703 432 2754 et
460 2713 516 2772 pus
544 2695 703 2753 reicientes
732 2703 761 2753 et
794 2694 830 2752 ad
862 2695 1003 2753 iocineris
1035 2695 1106 2754 vitia

92 2793 181 2860 atque
204 2783 353 2860 pulmonis
382 2790 412 2842 et
439 2782 475 2841 ad
503 2781 604 2840 lateris
628 2780 760 2840 dolorem
784 2799 839 2840 nec
862 2783 961 2840 minus
985 2781 1021 2840 ad
1045 2790 1105 2840 tor·

50 2887 78 2928 ao
93 2873 223 2931 minosos
252 2879 282 2932 et
309 2869 479 2930 convulsam
508 2875 559 2926 aut
585 2875 703 2944 ruptam
731 2867 858 2944 aliquam
886 2876 1000 2945 partem
1030 2870 1105 2926 inte·

92 2962 239 3021 stinorum
263 2969 293 3020 et
316 2959 352 3019 ad
372 2955 585 3017 destillationes
609 2955 693 3014 etad
713 2972 774 3033 eos,
798 2957 850 3032 qui
868 2972 1005 3014 somnum
1024 2954 1105 3014 nullo

92 3049 179 3110 modo
204 3067 310 3128 capere
334 3053 474 3126 possunt;
497 3044 567 3104 lacit
590 3051 620 3104 et
643 3042 678 3102 ad
702 3041 889 3122 hydropicos,
913 3045 1005 3102 siccat
1026 3044 1106 3102 enim

92 3139 217 3199 miriiioe
251 3156 316 3217 eos,
349 3136 537 3214 componitur
570 3135 626 3194 sic:
672 3131 764 3193 Dauci
796 3133 918 3192 seminis
951 3131 1106 3191 denarium

92 3244 195 3307 unum,
218 3226 322 3286 alterci
345 3227 467 3286 seminis
491 3223 645 3283 denarium
668 3221 690 3301 l,
715 3222 792 3282 turis
816 3219 971 3282 donarium
994 3219 1008 3280 1
1027 3217 1050 3275 Λ
1076 3219 1105 3300 S,

50 3328 78 3371 oo
92 3333 209 3394 myrrae
238 3316 392 3375 denarium
420 3331 526 3394 unum,
559 3315 640 3373 croci
668 3310 859 3372 denariuml
888 3311 911 3369 Λ
941 3310 969 3371 8.
1016 3309 1106 3370 Fiunt

184 3511 216 3558 lt
236 3502 334 3558 anethi
352 3502 476 3558 Scribon.

141 3602 299 3654 Moschus,
312 3611 351 3643 ro,
365 3603 528 3647 Hscmrcn.
