2438 3802
521 137 738 202 „56-

121 313 179 383 aut,
204 301 282 380 quod
308 301 414 362 melius
439 308 497 380 est,
521 318 577 379 gen
599 299 759 378 ampelitim
783 298 920 359 similiter
941 291 1057 382 {tritam
1080 318 1134 378 pro

122 410 179 471 qua
204 391 332 450 diximus
356 391 452 468 picem
476 388 623 449 Bruttiam
646 391 723 448 mitti
747 387 864 469 dehere,
888 389 956 467 quia
981 405 1016 464 ge
1037 405 1134 466 ampe-

121 481 180 540 litis
204 498 273 539 vera
297 476 416 539 difficile
440 479 604 557 invenitur3
627 476 674 537 his
698 476 805 538 additis
829 495 896 536 cum
920 477 1052 554 coeperit
1076 495 1134 536 me·

122 568 256 629 dicamen
279 566 355 627 bene
380 569 560 644 permixtum
580 584 655 646 esse,
679 584 776 626 ceram
797 566 893 625 rulam
911 583 965 644 pro
985 564 1081 644 modo,
1101 573 1135 624 ut

122 675 211 736 supra
244 658 389 734 scriptum
421 663 480 736 est,
512 662 613 733 postea
643 656 772 714 resinam
803 655 947 732 pituinam
979 655 1163 712 remissama

122 744 231 805 adicies
260 762 376 804 necnon
405 752 434 804 ct
464 745 592 803 resinam
621 742 804 802 cololoniam.
838 741 909 802 Post
932 741 1006 801 haec
1033 744 1135 802 mittes

122 834 337 893 ammoniacum
361 833 529 912 thymiama,
552 832 581 891 id
608 839 653 891 est
676 838 789 909 guttam
811 830 888 890 bene
909 832 1010 890 tritam
1030 838 1060 889 et
1079 832 1135 889 cri·

121 921 267 1001 ballatam,
285 929 352 999 post
371 921 461 981 addes
480 920 593 999 lepidos
612 919 717 980 chalcu
737 937 852 979 necnon
868 926 898 978 et
911 918 1015 978 chalcu
1031 937 1134 978 cecan-

121 1028 221 1089 menu,
232 1009 339 1069 deinde
349 1009 439 1069 addes
450 1009 563 1088 milton,
573 1007 679 1068 deinde
690 1007 857 1087 diphryges,
870 1007 976 1067 deinde
987 1006 1135 1086 chalcitin,

121 1106 223 1178 postea
244 1097 450 1158 chalcanthum
470 1104 500 1157 et
514 1096 708 1176 psimithium,
730 1095 888 1174 posthaec
907 1095 997 1156 addes
1016 1094 1135 1156 libanon
1151 1110 1176 1149 ro

121 1187 237 1267 leucon,
252 1186 281 1246 id
298 1194 343 1246 est
357 1194 405 1246 tus
421 1185 519 1246 album
534 1195 563 1245 et
579 1202 716 1264 myrram,
731 1193 761 1244 et
775 1183 867 1263 aloen,
882 1184 1031 1262 superbis
1042 1186 1135 1243 omni·

122 1275 179 1336 bus
194 1275 283 1334 addes
298 1277 426 1335 resinam
441 1273 671 1334 terebinthinam
684 1281 713 1333 et
728 1272 884 1350 galbanum
900 1280 929 1332 et
943 1272 987 1332 lac
999 1272 1043 1332 vel
1053 1290 1136 1331 umo-

122 1382 184 1425 rem
209 1366 344 1443 panacis,
367 1363 397 1423 id
422 1371 467 1423 est
491 1380 697 1442 opopanacem.
736 1361 793 1421 Sed
817 1379 921 1422 omnes
944 1361 997 1421 has
1021 1362 1136 1440 species

122 1452 288 1532 praedictas
304 1454 414 1530 optime
429 1453 515 1511 tritas
527 1460 559 1511 et
570 1451 736 1511 cribellatas
747 1452 865 1510 mittere
876 1449 998 1510 debebis
1009 1450 1044 1509 ad
1055 1468 1136 1509 men·

123 1559 222 1600 suram
246 1539 293 1599 vel
315 1548 416 1618 partes
440 1557 530 1617 supra
554 1541 693 1618 scriptas,
723 1548 812 1618 prout
836 1537 965 1599 volueris
989 1538 1136 1598 conficere
1151 1553 1177 1594 ιε

122 1629 326 1688 medicaminis
346 1629 474 1708 copiam3
494 1646 568 1706 quae
588 1645 656 1687 cum
672 1630 768 1687 omnia
784 1626 859 1687 bene
875 1629 966 1687 mixta
980 1627 1091 1687 luerint
1107 1635 1136 1687 et

122 1716 198 1776 bene
213 1718 329 1796 agitata,
344 1715 430 1775 ollam
445 1715 514 1776 tolle
529 1715 565 1776 de
580 1715 645 1776 foco
661 1723 691 1776 et
705 1715 811 1775 deinde
826 1715 920 1776 calido
936 1715 1030 1775 adhuc
1044 1716 1135 1776 medi·

123 1805 231 1865 camini
246 1803 353 1864 herbas
369 1822 458 1882 supra
474 1807 600 1884 scriptas
615 1803 690 1864 bene
707 1806 791 1864 tritas
811 1812 840 1864 et
856 1803 1023 1864 cribellatas
1037 1805 1135 1864 infun-

123 1892 183 1952 des.
217 1891 309 1952 lmmo
329 1911 417 1954 manu
437 1892 482 1954 vel
501 1893 601 1972 digitis
621 1892 843 1954 moderantibus
862 1893 1002 1972 paulatim
1021 1895 1135 1970 insper-

122 1999 174 2060 ges
193 1991 223 2042 et
242 1981 364 2043 adsidue
385 1982 565 2062 spathomela
585 1981 783 2042 commovebis
798 1989 828 2042 et
846 1980 1049 2061 permiscebis,
1068 1990 1136 2059 post
1151 1995 1178 2034 20

121 2069 194 2131 haec
214 2073 311 2131 omnia
330 2073 430 2131 mittes
445 2071 542 2132 oleum
557 2070 821 2132 chamaemelinum
833 2077 863 2130 et
877 2071 985 2130 iterum
1000 2071 1063 2148 igni
1076 2088 1136 2130 non

122 2161 213 2218 nimio
233 2160 366 2238 adposita
389 2159 445 2219 olla
466 2160 545 2220 lente
567 2167 597 2219 et
615 2159 756 2237 paulatim
776 2159 924 2236 decoques
944 2158 1136 2239 medicamen,
1208 2181 1210 2186 ·

123 2248 163 2306 ita
187 2255 220 2306 ut
245 2247 316 2306 illud
347 2265 435 2307 manu
462 2265 522 2306 non
551 2249 718 2324 contingaS,
747 2247 799 2306 sed
828 2246 1009 2324 spathomela
1034 2249 1135 2325 agites.

69 2347 104 2396 20
123 2333 264 2394 Confecto
284 2342 383 2394 autem
405 2335 596 2395 medicamine
616 2336 711 2394 uteris
731 2338 786 2395 sic:
810 2335 854 2395 hd
871 2334 1003 2395 dolorem
1023 2343 1135 2414 tempo·

124 2439 190 2480 rum
214 2421 261 2480 vel
284 2423 438 2482 emicranii
461 2423 552 2482 linteo
578 2424 674 2501 spisso
693 2422 817 2483 induces
837 2424 1085 2484 medicamentum
1106 2432 1176 2484 (212⁵

124 2511 166 2569 sic
193 2510 282 2570 tronti
305 2509 351 2570 vel
374 2509 559 2588 temporibus
583 2511 721 2590 adpones.
758 2511 790 2571 Si
808 2530 878 2572 uero
903 2531 1006 2572 armore
1030 2514 1136 2590 capitis

123 2600 344 2658 reumatizantis
375 2599 453 2659 oculi
481 2599 695 2680 gravabuntur,
723 2618 778 2679 per
805 2609 897 2661 totam
925 2601 1051 2660 frontem
1076 2617 1135 2658 em-

123 2685 268 2764 plastrum
291 2687 446 2748 induotum
466 2687 556 2748 linteo
577 2688 713 2749 similiter
732 2691 866 2768 inpones.
908 2689 940 2750 Si
963 2687 1135 2748 lunaribus

123 2774 168 2834 vel
197 2777 227 2835 in
255 2775 378 2837 auribus
406 2776 490 2837 dolor
518 2785 569 2838 aut
599 2777 705 2838 vulnus
735 2778 826 2839 fuerit
854 2780 916 2839 sive
945 2776 1135 2838 carnulentae

123 2873 211 2925 erunt
240 2874 290 2926 aut
317 2884 403 2926 umor
427 2866 496 2927 iude
519 2867 662 2948 manabit,
688 2867 752 2928 oleo
776 2885 897 2928 rosaceo
922 2866 1050 2928 solutum
1075 2881 1177 2927 me-oo

123 2953 256 3014 dicamen
280 2957 420 3016 inmittas.
459 2955 491 3016 Si
514 2956 614 3018 lauces
638 2959 743 3035 angina
763 2956 808 3016 vel
827 2955 982 3034 glandulae
1003 2965 1032 3016 et
1051 2974 1136 3034 paro-

122 3042 199 3103 tides
227 3047 438 3122 occupaverint
461 3055 512 3105 aut
537 3048 658 3124 inguina
682 3043 834 3124 paniculae
859 3046 1082 3125 temptaverint,
1106 3047 1136 3104 in

122 3133 207 3191 initio
230 3132 341 3192 doloris
364 3133 547 3193 medicamen
571 3133 662 3193 linteo
685 3133 850 3212 inductum,
874 3131 927 3191 sed
951 3134 1064 3192 siccum
1087 3134 1136 3193 ad-

122 3237 223 3298 pones.
261 3220 343 3281 Facit
367 3230 397 3280 et
419 3220 454 3280 ad
480 3220 591 3299 splenis
615 3220 747 3282 dolorem
767 3220 845 3281 aluta
864 3220 1018 3282 inductum
1039 3229 1068 3282 et
1088 3222 1136 3281 ad-

194 3355 467 3423 1gesampelitem.
527 3357 751 3425 propterquam.
812 3363 903 3425 ages.
944 3362 975 3410 ’9
995 3356 1135 3426 defryges.

122 3423 277 3477 dcalciten.
322 3429 354 3476 12
365 3424 578 3478 terebentinam.
628 3443 763 3480 umurem.
807 3431 840 3480 20
851 3425 1009 3495 spatomeli,
1019 3429 1082 3480 item
1093 3431 1135 3481 23.

118 3496 151 3545 21
174 3491 426 3548 chamaemolinum
445 3497 557 3564 scripsi:
576 3495 800 3551 chamaemilum.
873 3501 907 3550 25
929 3496 1084 3567 emigrabit.
