<?xml version="1.0" encoding="UTF-8"?>
<!DOCTYPE html PUBLIC "-//W3C//DTD XHTML 1.0 Transitional//EN"
    "http://www.w3.org/TR/xhtml1/DTD/xhtml1-transitional.dtd">
<html xmlns="http://www.w3.org/1999/xhtml" xml:lang="en" lang="en">
 <head>
  <title>
</title>
<meta http-equiv="Content-Type" content="text/html;charset=utf-8" />
  <meta name='ocr-system' content='tesseract 3.04.00' />
  <meta name='ocr-capabilities' content='ocr_page ocr_carea ocr_par ocr_line ocrx_word'/>
</head>
<body>
  <div class='ocr_page' id='page_1' title='image "./marcellidemedic01helmgoog_0354.png"; bbox 0 0 2438 3802; ppageno 0'>
   <div class='ocr_carea' id='block_1_1' title="bbox 493 145 730 210">
    <p class='ocr_par' dir='ltr' id='par_1_1' title="bbox 493 145 730 210">
     <span class='ocr_line' id='line_1_1' title="bbox 493 145 730 210; baseline 0.008 -2"><span class='ocrx_word' id='word_1_1' title='bbox 493 145 730 210; x_wconf 78' lang='lat'>-353—</span> 
     </span>
    </p>
   </div>
   <div class='ocr_carea' id='block_1_2' title="bbox 50 305 1169 3116">
    <p class='ocr_par' dir='ltr' id='par_1_2' title="bbox 101 305 1169 648">
     <span class='ocr_line' id='line_1_2' title="bbox 192 305 1169 387; baseline 0.006 -20"><span class='ocrx_word' id='word_1_2' title='bbox 192 306 266 368; x_wconf 88' lang='lat' dir='ltr'><strong>Cum</strong></span> <span class='ocrx_word' id='word_1_3' title='bbox 284 323 395 386; x_wconf 89' lang='lat' dir='ltr'><strong>porcus</strong></span> <span class='ocrx_word' id='word_1_4' title='bbox 413 305 604 387; x_wconf 90' lang='lat' dir='ltr'><strong>iugulabitur,</strong></span> <span class='ocrx_word' id='word_1_5' title='bbox 628 309 654 366; x_wconf 93' lang='lat' dir='ltr'><strong>is</strong></span> <span class='ocrx_word' id='word_1_6' title='bbox 682 309 735 385; x_wconf 89' lang='lat' dir='ltr'><strong>qui</strong></span> <span class='ocrx_word' id='word_1_7' title='bbox 752 325 892 368; x_wconf 83' lang='lat' dir='ltr'><strong>verrucas</strong></span> <span class='ocrx_word' id='word_1_8' title='bbox 909 308 1031 370; x_wconf 88' lang='lat' dir='ltr'><strong>babebit</strong></span> <span class='ocrx_word' id='word_1_9' title='bbox 1049 330 1114 371; x_wconf 91' lang='lat' dir='ltr'><strong>san·</strong></span> <span class='ocrx_word' id='word_1_10' title='bbox 1134 324 1169 373; x_wconf 84' lang='grc'><strong>66</strong></span> 
     </span>
     <span class='ocr_line' id='line_1_3' title="bbox 101 393 1112 477; baseline 0.003 -21"><span class='ocrx_word' id='word_1_11' title='bbox 101 397 222 475; x_wconf 89' lang='lat' dir='ltr'><strong>guinem</strong></span> <span class='ocrx_word' id='word_1_12' title='bbox 251 397 315 455; x_wconf 89' lang='lat' dir='ltr'><strong>eius</strong></span> <span class='ocrx_word' id='word_1_13' title='bbox 344 393 477 455; x_wconf 90' lang='lat' dir='ltr'><strong>subiecta</strong></span> <span class='ocrx_word' id='word_1_14' title='bbox 506 412 540 453; x_wconf 91' lang='lat' dir='ltr'><strong>ea</strong></span> <span class='ocrx_word' id='word_1_15' title='bbox 571 396 706 473; x_wconf 90' lang='lat' dir='ltr'><strong>corporis</strong></span> <span class='ocrx_word' id='word_1_16' title='bbox 737 403 821 473; x_wconf 92' lang='lat' dir='ltr'><strong>parte</strong></span> <span class='ocrx_word' id='word_1_17' title='bbox 854 399 1009 477; x_wconf 89' lang='lat' dir='ltr'><strong>suscipiat,</strong></span> <span class='ocrx_word' id='word_1_18' title='bbox 1041 399 1112 459; x_wconf 93' lang='lat' dir='ltr'><strong>dnm</strong></span> 
     </span>
     <span class='ocr_line' id='line_1_4' title="bbox 101 480 1112 565; baseline 0.001 -21"><span class='ocrx_word' id='word_1_19' title='bbox 101 484 197 545; x_wconf 91' lang='lat' dir='ltr'><strong>adbuc</strong></span> <span class='ocrx_word' id='word_1_20' title='bbox 221 480 335 544; x_wconf 89' lang='lat' dir='ltr'><strong>calidus</strong></span> <span class='ocrx_word' id='word_1_21' title='bbox 354 481 445 562; x_wconf 87' lang='lat' dir='ltr'><strong>exilit,</strong></span> <span class='ocrx_word' id='word_1_22' title='bbox 469 490 499 542; x_wconf 91' lang='lat' dir='ltr'><strong>et</strong></span> <span class='ocrx_word' id='word_1_23' title='bbox 521 500 589 542; x_wconf 80' lang='lat' dir='ltr'><strong>mox</strong></span> <span class='ocrx_word' id='word_1_24' title='bbox 613 481 666 542; x_wconf 94' lang='lat' dir='ltr'><strong>ubi</strong></span> <span class='ocrx_word' id='word_1_25' title='bbox 690 483 853 564; x_wconf 79' lang='lat' dir='ltr'><strong>siccaverit,</strong></span> <span class='ocrx_word' id='word_1_26' title='bbox 877 486 976 544; x_wconf 90' lang='lat' dir='ltr'><strong>statim</strong></span> <span class='ocrx_word' id='word_1_27' title='bbox 1000 484 1112 565; x_wconf 91' lang='lat' dir='ltr'><strong>abluat;</strong></span> 
     </span>
     <span class='ocr_line' id='line_1_5' title="bbox 101 569 1112 648; baseline 0 -15"><span class='ocrx_word' id='word_1_28' title='bbox 101 575 195 634; x_wconf 90' lang='lat' dir='ltr'><strong>citum</strong></span> <span class='ocrx_word' id='word_1_29' title='bbox 227 570 393 632; x_wconf 90' lang='lat' dir='ltr'><strong>remedium</strong></span> <span class='ocrx_word' id='word_1_30' title='bbox 425 572 604 648; x_wconf 84' lang='lat' dir='ltr'><strong>experietur.</strong></span> <span class='ocrx_word' id='word_1_31' title='bbox 649 569 756 631; x_wconf 84' lang='lat' dir='ltr'><strong>Mulier</strong></span> <span class='ocrx_word' id='word_1_32' title='bbox 786 589 856 632; x_wconf 92' lang='lat' dir='ltr'><strong>sane</strong></span> <span class='ocrx_word' id='word_1_33' title='bbox 883 573 1047 633; x_wconf 90' lang='lat' dir='ltr'><strong>remedium</strong></span> <span class='ocrx_word' id='word_1_34' title='bbox 1075 574 1112 634; x_wconf 94' lang='lat' dir='ltr'><strong>de</strong></span> 
     </span>
    </p>

    <p class='ocr_par' dir='ltr' id='par_1_3' title="bbox 70 659 503 737">
     <span class='ocr_line' id='line_1_6' title="bbox 70 659 503 737; baseline 0.005 -21"><span class='ocrx_word' id='word_1_35' title='bbox 70 661 216 722; x_wconf 80' lang='lat' dir='ltr'><strong>sscrolac</strong></span> <span class='ocrx_word' id='word_1_36' title='bbox 240 661 384 737; x_wconf 90' lang='lat' dir='ltr'><strong>sanguine</strong></span> <span class='ocrx_word' id='word_1_37' title='bbox 406 659 503 718; x_wconf 82' lang='lat' dir='ltr'><strong>faciat.</strong></span> 
     </span>
    </p>

    <p class='ocr_par' dir='ltr' id='par_1_4' title="bbox 101 745 1166 984">
     <span class='ocr_line' id='line_1_7' title="bbox 192 745 1166 811; baseline 0.003 -3"><span class='ocrx_word' id='word_1_38' title='bbox 192 747 314 808; x_wconf 87' lang='lat' dir='ltr'><strong>Stercus</strong></span> <span class='ocrx_word' id='word_1_39' title='bbox 341 745 544 807; x_wconf 87' lang='lat' dir='ltr'><strong>columbinum</strong></span> <span class='ocrx_word' id='word_1_40' title='bbox 573 745 619 806; x_wconf 89' lang='lat' dir='ltr'><strong>vel</strong></span> <span class='ocrx_word' id='word_1_41' title='bbox 646 746 742 807; x_wconf 92' lang='lat' dir='ltr'><strong>solum</strong></span> <span class='ocrx_word' id='word_1_42' title='bbox 769 746 815 807; x_wconf 87' lang='lat' dir='ltr'><strong>vel</strong></span> <span class='ocrx_word' id='word_1_43' title='bbox 838 765 905 809; x_wconf 92' lang='lat' dir='ltr'><strong>cum</strong></span> <span class='ocrx_word' id='word_1_44' title='bbox 930 767 983 808; x_wconf 85' lang='lat' dir='ltr'><strong>ovo</strong></span> <span class='ocrx_word' id='word_1_45' title='bbox 1007 751 1111 810; x_wconf 89' lang='lat' dir='ltr'><strong>tritum</strong></span> <span class='ocrx_word' id='word_1_46' title='bbox 1131 761 1166 811; x_wconf 88' lang='grc'><strong>66</strong></span> 
     </span>
     <span class='ocr_line' id='line_1_8' title="bbox 102 833 1164 916; baseline 0.003 -20"><span class='ocrx_word' id='word_1_47' title='bbox 102 835 270 896; x_wconf 87' lang='lat' dir='ltr'><strong>dolentibus</strong></span> <span class='ocrx_word' id='word_1_48' title='bbox 294 833 428 896; x_wconf 81' lang='lat' dir='ltr'><strong>articulis</strong></span> <span class='ocrx_word' id='word_1_49' title='bbox 451 834 569 894; x_wconf 92' lang='lat' dir='ltr'><strong>inlitum</strong></span> <span class='ocrx_word' id='word_1_50' title='bbox 588 834 718 912; x_wconf 89' lang='lat' dir='ltr'><strong>prodest.</strong></span> <span class='ocrx_word' id='word_1_51' title='bbox 756 835 834 896; x_wconf 85' lang='lat' dir='ltr'><strong>Felle</strong></span> <span class='ocrx_word' id='word_1_52' title='bbox 854 838 956 896; x_wconf 90' lang='lat' dir='ltr'><strong>ursino</strong></span> <span class='ocrx_word' id='word_1_53' title='bbox 976 838 1111 916; x_wconf 84' lang='lat' dir='ltr'><strong>perfricti</strong></span> <span class='ocrx_word' id='word_1_54' title='bbox 1130 849 1164 898; x_wconf 83' lang='lat'><strong>61</strong></span> 
     </span>
     <span class='ocr_line' id='line_1_9' title="bbox 101 922 586 984; baseline -0.004 0"><span class='ocrx_word' id='word_1_55' title='bbox 101 923 221 984; x_wconf 82' lang='lat' dir='ltr'><strong>articuli</strong></span> <span class='ocrx_word' id='word_1_56' title='bbox 243 922 344 984; x_wconf 93' lang='lat' dir='ltr'><strong>dolore</strong></span> <span class='ocrx_word' id='word_1_57' title='bbox 367 922 586 983; x_wconf 89' lang='lat' dir='ltr'><strong>relevabuntur.</strong></span> 
     </span>
    </p>

    <p class='ocr_par' dir='ltr' id='par_1_5' title="bbox 189 1009 1165 1090">
     <span class='ocr_line' id='line_1_10' title="bbox 189 1009 1165 1090; baseline 0.003 -18"><span class='ocrx_word' id='word_1_58' title='bbox 189 1011 227 1072; x_wconf 94' lang='lat' dir='ltr'><strong>Ut</strong></span> <span class='ocrx_word' id='word_1_59' title='bbox 249 1012 359 1090; x_wconf 80' lang='lat' dir='ltr'><strong>frigora</strong></span> <span class='ocrx_word' id='word_1_60' title='bbox 383 1020 413 1072; x_wconf 93' lang='lat' dir='ltr'><strong>et</strong></span> <span class='ocrx_word' id='word_1_61' title='bbox 435 1013 557 1089; x_wconf 89' lang='lat' dir='ltr'><strong>pruinas</strong></span> <span class='ocrx_word' id='word_1_62' title='bbox 580 1009 665 1070; x_wconf 85' lang='lat' dir='ltr'><strong>facile</strong></span> <span class='ocrx_word' id='word_1_63' title='bbox 689 1013 855 1072; x_wconf 85' lang='lat' dir='ltr'><strong>sustineant</strong></span> <span class='ocrx_word' id='word_1_64' title='bbox 873 1031 928 1072; x_wconf 92' lang='lat' dir='ltr'><strong>nec</strong></span> <span class='ocrx_word' id='word_1_65' title='bbox 947 1012 1111 1075; x_wconf 91' lang='lat' dir='ltr'><strong>adurantur</strong></span> <span class='ocrx_word' id='word_1_66' title='bbox 1130 1027 1165 1074; x_wconf 76' lang='lat'><strong>62</strong></span> 
     </span>
    </p>

    <p class='ocr_par' dir='ltr' id='par_1_6' title="bbox 55 1099 1164 1530">
     <span class='ocr_line' id='line_1_11' title="bbox 55 1099 1110 1180; baseline 0.007 -25"><span class='ocrx_word' id='word_1_67' title='bbox 55 1100 231 1180; x_wconf 78' lang='lat' dir='ltr'><strong>acarticuli,</strong></span> <span class='ocrx_word' id='word_1_68' title='bbox 259 1108 357 1161; x_wconf 90' lang='lat' dir='ltr'><strong>terrae</strong></span> <span class='ocrx_word' id='word_1_69' title='bbox 384 1099 460 1159; x_wconf 94' lang='lat' dir='ltr'><strong>malo</strong></span> <span class='ocrx_word' id='word_1_70' title='bbox 489 1106 613 1159; x_wconf 89' lang='lat' dir='ltr'><strong>contuso</strong></span> <span class='ocrx_word' id='word_1_71' title='bbox 637 1117 705 1159; x_wconf 90' lang='lat' dir='ltr'><strong>cum</strong></span> <span class='ocrx_word' id='word_1_72' title='bbox 729 1102 854 1178; x_wconf 80' lang='lat' dir='ltr'><strong>axungia</strong></span> <span class='ocrx_word' id='word_1_73' title='bbox 877 1108 977 1160; x_wconf 87' lang='lat' dir='ltr'><strong>vetere</strong></span> <span class='ocrx_word' id='word_1_74' title='bbox 1001 1121 1110 1180; x_wconf 93' lang='lat' dir='ltr'><strong>perun·</strong></span> 
     </span>
     <span class='ocr_line' id='line_1_12' title="bbox 81 1187 1163 1266; baseline 0.003 -18"><span class='ocrx_word' id='word_1_75' title='bbox 81 1195 237 1266; x_wconf 85' lang='lat' dir='ltr'><strong>guantur.</strong></span> <span class='ocrx_word' id='word_1_76' title='bbox 269 1187 404 1266; x_wconf 90' lang='lat' dir='ltr'><strong>Pampini</strong></span> <span class='ocrx_word' id='word_1_77' title='bbox 424 1189 528 1247; x_wconf 86' lang='lat' dir='ltr'><strong>vitium</strong></span> <span class='ocrx_word' id='word_1_78' title='bbox 547 1188 611 1247; x_wconf 91' lang='lat' dir='ltr'><strong>triti</strong></span> <span class='ocrx_word' id='word_1_79' title='bbox 630 1187 758 1247; x_wconf 85' lang='lat' dir='ltr'><strong>admixta</strong></span> <span class='ocrx_word' id='word_1_80' title='bbox 783 1187 934 1248; x_wconf 85' lang='lat' dir='ltr'><strong>hordiacia</strong></span> <span class='ocrx_word' id='word_1_81' title='bbox 952 1188 1046 1248; x_wconf 90' lang='lat' dir='ltr'><strong>farina</strong></span> <span class='ocrx_word' id='word_1_82' title='bbox 1065 1207 1109 1248; x_wconf 91' lang='lat' dir='ltr'><strong>ar·</strong></span> <span class='ocrx_word' id='word_1_83' title='bbox 1129 1202 1163 1251; x_wconf 86' lang='grc'><strong>66</strong></span> 
     </span>
     <span class='ocr_line' id='line_1_13' title="bbox 98 1274 1164 1339; baseline 0.003 -3"><span class='ocrx_word' id='word_1_84' title='bbox 98 1275 262 1336; x_wconf 89' lang='lat' dir='ltr'><strong>ticulorum</strong></span> <span class='ocrx_word' id='word_1_85' title='bbox 284 1274 395 1336; x_wconf 88' lang='lat' dir='ltr'><strong>morbis</strong></span> <span class='ocrx_word' id='word_1_86' title='bbox 418 1275 584 1336; x_wconf 89' lang='lat' dir='ltr'><strong>medentur.</strong></span> <span class='ocrx_word' id='word_1_87' title='bbox 621 1275 794 1335; x_wconf 77' lang='lat' dir='ltr'><strong>Aerilolium</strong></span> <span class='ocrx_word' id='word_1_88' title='bbox 818 1294 885 1334; x_wconf 91' lang='lat' dir='ltr'><strong>cum</strong></span> <span class='ocrx_word' id='word_1_89' title='bbox 909 1283 976 1336; x_wconf 92' lang='lat' dir='ltr'><strong>ture</strong></span> <span class='ocrx_word' id='word_1_90' title='bbox 1000 1284 1030 1336; x_wconf 91' lang='lat' dir='ltr'><strong>et</strong></span> <span class='ocrx_word' id='word_1_91' title='bbox 1049 1277 1109 1337; x_wconf 90' lang='lat' dir='ltr'><strong>sale</strong></span> <span class='ocrx_word' id='word_1_92' title='bbox 1128 1290 1164 1339; x_wconf 81' lang='lat'><strong>64</strong></span> 
     </span>
     <span class='ocr_line' id='line_1_14' title="bbox 100 1361 1163 1443; baseline 0.005 -21"><span class='ocrx_word' id='word_1_93' title='bbox 100 1362 214 1423; x_wconf 89' lang='grc'><strong>666166</strong></span> <span class='ocrx_word' id='word_1_94' title='bbox 233 1361 390 1429; x_wconf 90' lang='lat' dir='ltr'><strong>subactum</strong></span> <span class='ocrx_word' id='word_1_95' title='bbox 406 1365 628 1443; x_wconf 89' lang='lat' dir='ltr'><strong>inpositumque</strong></span> <span class='ocrx_word' id='word_1_96' title='bbox 647 1363 784 1424; x_wconf 90' lang='lat' dir='ltr'><strong>medetur</strong></span> <span class='ocrx_word' id='word_1_97' title='bbox 798 1363 938 1424; x_wconf 89' lang='lat' dir='ltr'><strong>articulis.</strong></span> <span class='ocrx_word' id='word_1_98' title='bbox 969 1363 1109 1424; x_wconf 89' lang='lat' dir='ltr'><strong>lncnssos</strong></span> <span class='ocrx_word' id='word_1_99' title='bbox 1128 1377 1163 1427; x_wconf 82' lang='grc'><strong>66</strong></span> 
     </span>
     <span class='ocr_line' id='line_1_15' title="bbox 99 1450 1108 1530; baseline 0.001 -19"><span class='ocrx_word' id='word_1_100' title='bbox 99 1450 241 1512; x_wconf 88' lang='lat' dir='ltr'><strong>articulos</strong></span> <span class='ocrx_word' id='word_1_101' title='bbox 268 1468 440 1512; x_wconf 89' lang='lat' dir='ltr'><strong>aranearum</strong></span> <span class='ocrx_word' id='word_1_102' title='bbox 467 1451 542 1511; x_wconf 89' lang='lat' dir='ltr'><strong>telae</strong></span> <span class='ocrx_word' id='word_1_103' title='bbox 567 1469 635 1511; x_wconf 92' lang='lat' dir='ltr'><strong>cum</strong></span> <span class='ocrx_word' id='word_1_104' title='bbox 659 1450 722 1511; x_wconf 94' lang='lat' dir='ltr'><strong>oleo</strong></span> <span class='ocrx_word' id='word_1_105' title='bbox 745 1453 890 1530; x_wconf 90' lang='lat' dir='ltr'><strong>inpositae</strong></span> <span class='ocrx_word' id='word_1_106' title='bbox 914 1451 1108 1512; x_wconf 89' lang='lat' dir='ltr'><strong>saluberrime</strong></span> 
     </span>
    </p>

    <p class='ocr_par' dir='ltr' id='par_1_7' title="bbox 56 1538 1162 1689">
     <span class='ocr_line' id='line_1_16' title="bbox 56 1538 1162 1618; baseline 0.007 -23"><span class='ocrx_word' id='word_1_107' title='bbox 56 1553 86 1596; x_wconf 82' lang='lat' dir='ltr'><strong>rs</strong></span> <span class='ocrx_word' id='word_1_108' title='bbox 100 1547 212 1601; x_wconf 92' lang='lat' dir='ltr'><strong>sanant.</strong></span> <span class='ocrx_word' id='word_1_109' title='bbox 244 1538 397 1600; x_wconf 86' lang='lat' dir='ltr'><strong>Fracturis</strong></span> <span class='ocrx_word' id='word_1_110' title='bbox 415 1539 609 1601; x_wconf 89' lang='lat' dir='ltr'><strong>articulorum</strong></span> <span class='ocrx_word' id='word_1_111' title='bbox 628 1541 703 1600; x_wconf 88' lang='lat' dir='ltr'><strong>einis</strong></span> <span class='ocrx_word' id='word_1_112' title='bbox 722 1559 758 1600; x_wconf 87' lang='lat' dir='ltr'><strong>ex</strong></span> <span class='ocrx_word' id='word_1_113' title='bbox 777 1539 940 1601; x_wconf 79' lang='lat' dir='ltr'><strong>femoribus</strong></span> <span class='ocrx_word' id='word_1_114' title='bbox 958 1541 1107 1618; x_wconf 89' lang='lat' dir='ltr'><strong>pecudum</strong></span> <span class='ocrx_word' id='word_1_115' title='bbox 1127 1555 1162 1604; x_wconf 94' lang='grc'><strong>66</strong></span> 
     </span>
     <span class='ocr_line' id='line_1_17' title="bbox 98 1627 829 1689; baseline 0.001 -2"><span class='ocrx_word' id='word_1_116' title='bbox 98 1627 194 1689; x_wconf 87' lang='lat' dir='ltr'><strong>lactus</strong></span> <span class='ocrx_word' id='word_1_117' title='bbox 217 1635 338 1688; x_wconf 87' lang='lat' dir='ltr'><strong>etcum</strong></span> <span class='ocrx_word' id='word_1_118' title='bbox 362 1646 430 1688; x_wconf 92' lang='lat' dir='ltr'><strong>cera</strong></span> <span class='ocrx_word' id='word_1_119' title='bbox 452 1630 563 1689; x_wconf 81' lang='lat' dir='ltr'><strong>mixtus</strong></span> <span class='ocrx_word' id='word_1_120' title='bbox 587 1629 661 1687; x_wconf 87' lang='lat' dir='ltr'><strong>mire</strong></span> <span class='ocrx_word' id='word_1_121' title='bbox 684 1629 829 1689; x_wconf 89' lang='lat' dir='ltr'><strong>medetur.</strong></span> 
     </span>
    </p>

    <p class='ocr_par' dir='ltr' id='par_1_8' title="bbox 95 1715 1162 1972">
     <span class='ocr_line' id='line_1_18' title="bbox 185 1715 1162 1795; baseline 0.004 -19"><span class='ocrx_word' id='word_1_122' title='bbox 185 1715 328 1777; x_wconf 90' lang='lat' dir='ltr'><strong>lnvictam</strong></span> <span class='ocrx_word' id='word_1_123' title='bbox 353 1717 505 1795; x_wconf 92' lang='lat' dir='ltr'><strong>potionem</strong></span> <span class='ocrx_word' id='word_1_124' title='bbox 529 1716 564 1776; x_wconf 93' lang='lat' dir='ltr'><strong>ad</strong></span> <span class='ocrx_word' id='word_1_125' title='bbox 589 1717 726 1776; x_wconf 86' lang='lat' dir='ltr'><strong>sciaticus</strong></span> <span class='ocrx_word' id='word_1_126' title='bbox 755 1725 785 1777; x_wconf 92' lang='lat' dir='ltr'><strong>et</strong></span> <span class='ocrx_word' id='word_1_127' title='bbox 807 1716 976 1776; x_wconf 88' lang='lat' dir='ltr'><strong>arthriticos</strong></span> <span class='ocrx_word' id='word_1_128' title='bbox 1000 1717 1108 1777; x_wconf 88' lang='lat' dir='ltr'><strong>facien·</strong></span> <span class='ocrx_word' id='word_1_129' title='bbox 1127 1730 1162 1780; x_wconf 79' lang='lat' dir='ltr'><strong>at</strong></span> 
     </span>
     <span class='ocr_line' id='line_1_19' title="bbox 96 1804 1106 1885; baseline 0.001 -21"><span class='ocrx_word' id='word_1_130' title='bbox 96 1813 158 1864; x_wconf 91' lang='lat' dir='ltr'><strong>tem</strong></span> <span class='ocrx_word' id='word_1_131' title='bbox 180 1807 211 1864; x_wconf 90' lang='lat' dir='ltr'><strong>in</strong></span> <span class='ocrx_word' id='word_1_132' title='bbox 234 1804 321 1865; x_wconf 90' lang='lat' dir='ltr'><strong>titulo</strong></span> <span class='ocrx_word' id='word_1_133' title='bbox 345 1806 500 1882; x_wconf 88' lang='lat' dir='ltr'><strong>superiore</strong></span> <span class='ocrx_word' id='word_1_134' title='bbox 524 1804 560 1864; x_wconf 93' lang='lat' dir='ltr'><strong>de</strong></span> <span class='ocrx_word' id='word_1_135' title='bbox 584 1806 713 1864; x_wconf 88' lang='lat' dir='ltr'><strong>sciaticis</strong></span> <span class='ocrx_word' id='word_1_136' title='bbox 731 1804 902 1882; x_wconf 86' lang='lat' dir='ltr'><strong>plenissime</strong></span> <span class='ocrx_word' id='word_1_137' title='bbox 922 1807 1106 1885; x_wconf 84' lang='lat' dir='ltr'><strong>scripsimus,</strong></span> 
     </span>
     <span class='ocr_line' id='line_1_20' title="bbox 95 1891 1107 1972; baseline 0.001 -20"><span class='ocrx_word' id='word_1_138' title='bbox 95 1891 150 1952; x_wconf 89' lang='lat' dir='ltr'><strong>sed</strong></span> <span class='ocrx_word' id='word_1_139' title='bbox 173 1894 313 1971; x_wconf 92' lang='lat' dir='ltr'><strong>quoniam</strong></span> <span class='ocrx_word' id='word_1_140' title='bbox 336 1899 396 1952; x_wconf 93' lang='lat' dir='ltr'><strong>tam</strong></span> <span class='ocrx_word' id='word_1_141' title='bbox 419 1892 536 1952; x_wconf 89' lang='lat' dir='ltr'><strong>divinus</strong></span> <span class='ocrx_word' id='word_1_142' title='bbox 559 1894 624 1952; x_wconf 94' lang='lat' dir='ltr'><strong>eius</strong></span> <span class='ocrx_word' id='word_1_143' title='bbox 648 1893 770 1952; x_wconf 82' lang='lat' dir='ltr'><strong>effectus</strong></span> <span class='ocrx_word' id='word_1_144' title='bbox 794 1900 848 1972; x_wconf 90' lang='lat' dir='ltr'><strong>est,</strong></span> <span class='ocrx_word' id='word_1_145' title='bbox 871 1893 1033 1952; x_wconf 92' lang='lat' dir='ltr'><strong>iterandam</strong></span> <span class='ocrx_word' id='word_1_146' title='bbox 1053 1912 1107 1971; x_wconf 97' lang='lat' dir='ltr'><strong>pu-</strong></span> 
     </span>
    </p>

    <p class='ocr_par' dir='ltr' id='par_1_9' title="bbox 53 1979 1118 2413">
     <span class='ocr_line' id='line_1_21' title="bbox 53 1979 1118 2059; baseline 0.007 -24"><span class='ocrx_word' id='word_1_147' title='bbox 53 1995 85 2036; x_wconf 78' lang='grc'><strong>66</strong></span> <span class='ocrx_word' id='word_1_148' title='bbox 98 1981 168 2059; x_wconf 84' lang='lat' dir='ltr'><strong>tari,</strong></span> <span class='ocrx_word' id='word_1_149' title='bbox 186 1997 224 2039; x_wconf 93' lang='lat' dir='ltr'><strong>ne</strong></span> <span class='ocrx_word' id='word_1_150' title='bbox 239 1982 305 2058; x_wconf 89' lang='lat' dir='ltr'><strong>quis</strong></span> <span class='ocrx_word' id='word_1_151' title='bbox 324 1979 486 2041; x_wconf 89' lang='lat' dir='ltr'><strong>arthriticis</strong></span> <span class='ocrx_word' id='word_1_152' title='bbox 501 1980 631 2041; x_wconf 90' lang='lat' dir='ltr'><strong>remedia</strong></span> <span class='ocrx_word' id='word_1_153' title='bbox 646 1983 801 2059; x_wconf 88' lang='lat' dir='ltr'><strong>requirens</strong></span> <span class='ocrx_word' id='word_1_154' title='bbox 816 1980 904 2040; x_wconf 87' lang='lat' dir='ltr'><strong>huius</strong></span> <span class='ocrx_word' id='word_1_155' title='bbox 922 1983 1118 2058; x_wconf 84' lang='lat' dir='ltr'><strong>ignoratione</strong></span> 
     </span>
     <span class='ocr_line' id='line_1_22' title="bbox 97 2065 1107 2149; baseline 0.004 -23"><span class='ocrx_word' id='word_1_156' title='bbox 97 2065 223 2127; x_wconf 84' lang='lat' dir='ltr'><strong>fallatur.</strong></span> <span class='ocrx_word' id='word_1_157' title='bbox 246 2067 348 2128; x_wconf 84' lang='lat' dir='ltr'><strong>Fimus</strong></span> <span class='ocrx_word' id='word_1_158' title='bbox 371 2086 442 2146; x_wconf 90' lang='lat' dir='ltr'><strong>ergo</strong></span> <span class='ocrx_word' id='word_1_159' title='bbox 466 2067 552 2129; x_wconf 93' lang='lat' dir='ltr'><strong>ibicis</strong></span> <span class='ocrx_word' id='word_1_160' title='bbox 575 2070 605 2128; x_wconf 93' lang='lat' dir='ltr'><strong>in</strong></span> <span class='ocrx_word' id='word_1_161' title='bbox 626 2068 698 2128; x_wconf 92' lang='lat' dir='ltr'><strong>silva</strong></span> <span class='ocrx_word' id='word_1_162' title='bbox 717 2067 763 2129; x_wconf 89' lang='lat' dir='ltr'><strong>vel</strong></span> <span class='ocrx_word' id='word_1_163' title='bbox 780 2071 812 2128; x_wconf 93' lang='lat' dir='ltr'><strong>in</strong></span> <span class='ocrx_word' id='word_1_164' title='bbox 830 2077 930 2130; x_wconf 91' lang='lat' dir='ltr'><strong>monte</strong></span> <span class='ocrx_word' id='word_1_165' title='bbox 949 2068 1107 2149; x_wconf 89' lang='lat' dir='ltr'><strong>colligitur,</strong></span> 
     </span>
     <span class='ocr_line' id='line_1_23' title="bbox 97 2155 1106 2237; baseline 0.001 -20"><span class='ocrx_word' id='word_1_166' title='bbox 97 2156 124 2217; x_wconf 92' lang='lat' dir='ltr'><strong>si</strong></span> <span class='ocrx_word' id='word_1_167' title='bbox 147 2155 213 2215; x_wconf 86' lang='lat' dir='ltr'><strong>fieri</strong></span> <span class='ocrx_word' id='word_1_168' title='bbox 234 2163 334 2235; x_wconf 89' lang='lat' dir='ltr'><strong>potest</strong></span> <span class='ocrx_word' id='word_1_169' title='bbox 355 2155 425 2216; x_wconf 88' lang='lat' dir='ltr'><strong>lona</strong></span> <span class='ocrx_word' id='word_1_170' title='bbox 445 2155 534 2236; x_wconf 89' lang='lat' dir='ltr'><strong>XVll;</strong></span> <span class='ocrx_word' id='word_1_171' title='bbox 558 2159 605 2216; x_wconf 89' lang='lat' dir='ltr'><strong>sin</strong></span> <span class='ocrx_word' id='word_1_172' title='bbox 628 2175 677 2216; x_wconf 90' lang='lat' dir='ltr'><strong>res</strong></span> <span class='ocrx_word' id='word_1_173' title='bbox 700 2156 827 2237; x_wconf 88' lang='lat' dir='ltr'><strong>urgebit,</strong></span> <span class='ocrx_word' id='word_1_174' title='bbox 851 2175 1039 2235; x_wconf 89' lang='lat' dir='ltr'><strong>quocumque</strong></span> <span class='ocrx_word' id='word_1_175' title='bbox 1059 2158 1106 2218; x_wconf 90' lang='lat' dir='ltr'><strong>die</strong></span> 
     </span>
     <span class='ocr_line' id='line_1_24' title="bbox 96 2242 1107 2326; baseline 0.002 -23"><span class='ocrx_word' id='word_1_176' title='bbox 96 2242 259 2325; x_wconf 80' lang='lat' dir='ltr'><strong>colligitur3</strong></span> <span class='ocrx_word' id='word_1_177' title='bbox 292 2261 362 2304; x_wconf 88' lang='lat' dir='ltr'><strong>sane</strong></span> <span class='ocrx_word' id='word_1_178' title='bbox 392 2243 470 2304; x_wconf 85' lang='lat' dir='ltr'><strong>XVll</strong></span> <span class='ocrx_word' id='word_1_179' title='bbox 501 2244 571 2304; x_wconf 92' lang='lat' dir='ltr'><strong>luna</strong></span> <span class='ocrx_word' id='word_1_180' title='bbox 603 2244 850 2305; x_wconf 89' lang='lat' dir='ltr'><strong>medicamentum</strong></span> <span class='ocrx_word' id='word_1_181' title='bbox 882 2246 948 2304; x_wconf 88' lang='lat' dir='ltr'><strong>fieri</strong></span> <span class='ocrx_word' id='word_1_182' title='bbox 979 2254 1107 2326; x_wconf 86' lang='lat' dir='ltr'><strong>oportet,</strong></span> 
     </span>
     <span class='ocr_line' id='line_1_25' title="bbox 95 2331 1107 2413; baseline 0.002 -21"><span class='ocrx_word' id='word_1_183' title='bbox 95 2332 175 2411; x_wconf 92' lang='lat' dir='ltr'><strong>quod</strong></span> <span class='ocrx_word' id='word_1_184' title='bbox 199 2334 242 2392; x_wconf 93' lang='lat' dir='ltr'><strong>sic</strong></span> <span class='ocrx_word' id='word_1_185' title='bbox 266 2333 369 2392; x_wconf 84' lang='lat' dir='ltr'><strong>iacies:</strong></span> <span class='ocrx_word' id='word_1_186' title='bbox 401 2331 518 2393; x_wconf 86' lang='lat' dir='ltr'><strong>Fimum</strong></span> <span class='ocrx_word' id='word_1_187' title='bbox 544 2334 618 2413; x_wconf 88' lang='lat' dir='ltr'><strong>eius,</strong></span> <span class='ocrx_word' id='word_1_188' title='bbox 642 2340 785 2411; x_wconf 87' lang='lat' dir='ltr'><strong>quantum</strong></span> <span class='ocrx_word' id='word_1_189' title='bbox 808 2351 907 2413; x_wconf 89' lang='lat' dir='ltr'><strong>pugno</strong></span> <span class='ocrx_word' id='word_1_190' title='bbox 932 2333 1019 2413; x_wconf 91' lang='lat' dir='ltr'><strong>pleno</strong></span> <span class='ocrx_word' id='word_1_191' title='bbox 1043 2334 1107 2395; x_wconf 88' lang='lat' dir='ltr'><strong>tolli</strong></span> 
     </span>
    </p>

    <p class='ocr_par' dir='ltr' id='par_1_10' title="bbox 51 2419 1107 2850">
     <span class='ocr_line' id='line_1_26' title="bbox 51 2419 1107 2505; baseline 0.006 -27"><span class='ocrx_word' id='word_1_192' title='bbox 51 2435 82 2477; x_wconf 79' lang='grc'><strong>66</strong></span> <span class='ocrx_word' id='word_1_193' title='bbox 95 2421 215 2501; x_wconf 85' lang='lat' dir='ltr'><strong>poterit,</strong></span> <span class='ocrx_word' id='word_1_194' title='bbox 234 2419 393 2480; x_wconf 90' lang='lat' dir='ltr'><strong>dummodo</strong></span> <span class='ocrx_word' id='word_1_195' title='bbox 412 2421 520 2498; x_wconf 90' lang='lat' dir='ltr'><strong>pilulae</strong></span> <span class='ocrx_word' id='word_1_196' title='bbox 539 2423 636 2499; x_wconf 90' lang='lat' dir='ltr'><strong>inpari</strong></span> <span class='ocrx_word' id='word_1_197' title='bbox 654 2439 779 2483; x_wconf 88' lang='lat' dir='ltr'><strong>numero</strong></span> <span class='ocrx_word' id='word_1_198' title='bbox 799 2425 867 2505; x_wconf 90' lang='lat' dir='ltr'><strong>sint,</strong></span> <span class='ocrx_word' id='word_1_199' title='bbox 886 2431 1023 2484; x_wconf 88' lang='lat' dir='ltr'><strong>conteres</strong></span> <span class='ocrx_word' id='word_1_200' title='bbox 1037 2423 1107 2484; x_wconf 85' lang='lat' dir='ltr'><strong>vali·</strong></span> 
     </span>
     <span class='ocr_line' id='line_1_27' title="bbox 94 2508 1107 2591; baseline 0.002 -23"><span class='ocrx_word' id='word_1_201' title='bbox 94 2508 216 2568; x_wconf 91' lang='lat' dir='ltr'><strong>dissime</strong></span> <span class='ocrx_word' id='word_1_202' title='bbox 245 2508 280 2568; x_wconf 92' lang='lat' dir='ltr'><strong>ad</strong></span> <span class='ocrx_word' id='word_1_203' title='bbox 309 2526 454 2568; x_wconf 90' lang='lat' dir='ltr'><strong>summam</strong></span> <span class='ocrx_word' id='word_1_204' title='bbox 481 2509 643 2591; x_wconf 84' lang='lat' dir='ltr'><strong>levitatem,</strong></span> <span class='ocrx_word' id='word_1_205' title='bbox 675 2521 739 2571; x_wconf 90' lang='lat' dir='ltr'><strong>tum</strong></span> <span class='ocrx_word' id='word_1_206' title='bbox 771 2514 882 2591; x_wconf 90' lang='lat' dir='ltr'><strong>piperis</strong></span> <span class='ocrx_word' id='word_1_207' title='bbox 911 2531 1000 2591; x_wconf 90' lang='lat' dir='ltr'><strong>grana</strong></span> <span class='ocrx_word' id='word_1_208' title='bbox 1028 2511 1107 2572; x_wconf 87' lang='lat' dir='ltr'><strong>XXV</strong></span> 
     </span>
     <span class='ocr_line' id='line_1_28' title="bbox 93 2595 1105 2679; baseline 0.005 -24"><span class='ocrx_word' id='word_1_209' title='bbox 93 2595 185 2656; x_wconf 89' lang='lat' dir='ltr'><strong>addes</strong></span> <span class='ocrx_word' id='word_1_210' title='bbox 213 2603 243 2656; x_wconf 91' lang='lat' dir='ltr'><strong>et</strong></span> <span class='ocrx_word' id='word_1_211' title='bbox 269 2595 366 2656; x_wconf 89' lang='lat' dir='ltr'><strong>mellis</strong></span> <span class='ocrx_word' id='word_1_212' title='bbox 392 2596 541 2658; x_wconf 91' lang='lat' dir='ltr'><strong>heminam</strong></span> <span class='ocrx_word' id='word_1_213' title='bbox 564 2606 594 2659; x_wconf 94' lang='lat' dir='ltr'><strong>et</strong></span> <span class='ocrx_word' id='word_1_214' title='bbox 617 2598 668 2659; x_wconf 93' lang='lat' dir='ltr'><strong>diu</strong></span> <span class='ocrx_word' id='word_1_215' title='bbox 690 2607 784 2679; x_wconf 81' lang='lat' dir='ltr'><strong>teres3</strong></span> <span class='ocrx_word' id='word_1_216' title='bbox 812 2600 919 2661; x_wconf 91' lang='lat' dir='ltr'><strong>dehinc</strong></span> <span class='ocrx_word' id='word_1_217' title='bbox 943 2602 1003 2660; x_wconf 90' lang='lat' dir='ltr'><strong>vini</strong></span> <span class='ocrx_word' id='word_1_218' title='bbox 1026 2609 1105 2660; x_wconf 90' lang='lat' dir='ltr'><strong>vete·</strong></span> 
     </span>
     <span class='ocr_line' id='line_1_29' title="bbox 93 2682 1106 2765; baseline 0.003 -22"><span class='ocrx_word' id='word_1_219' title='bbox 93 2685 137 2743; x_wconf 90' lang='lat' dir='ltr'><strong>ris</strong></span> <span class='ocrx_word' id='word_1_220' title='bbox 156 2683 265 2744; x_wconf 89' lang='lat' dir='ltr'><strong>adicies</strong></span> <span class='ocrx_word' id='word_1_221' title='bbox 285 2682 316 2743; x_wconf 61' lang='grc'><em>8</em></span> <span class='ocrx_word' id='word_1_222' title='bbox 335 2683 389 2744; x_wconf 92' lang='grc'><strong>1111</strong></span> <span class='ocrx_word' id='word_1_223' title='bbox 408 2692 438 2745; x_wconf 90' lang='grc'><strong>66</strong></span> <span class='ocrx_word' id='word_1_224' title='bbox 457 2686 569 2746; x_wconf 85' lang='lat' dir='ltr'><strong>conditi</strong></span> <span class='ocrx_word' id='word_1_225' title='bbox 586 2705 669 2745; x_wconf 90' lang='lat' dir='ltr'><strong>more</strong></span> <span class='ocrx_word' id='word_1_226' title='bbox 689 2687 827 2746; x_wconf 87' lang='lat' dir='ltr'><strong>miscebis</strong></span> <span class='ocrx_word' id='word_1_227' title='bbox 846 2689 1012 2765; x_wconf 83' lang='lat' dir='ltr'><strong>potionem3</strong></span> <span class='ocrx_word' id='word_1_228' title='bbox 1034 2705 1106 2746; x_wconf 87' lang='lat' dir='ltr'><strong>sane</strong></span> 
     </span>
     <span class='ocr_line' id='line_1_30' title="bbox 94 2772 1106 2850; baseline 0.002 -20"><span class='ocrx_word' id='word_1_229' title='bbox 94 2772 147 2850; x_wconf 91' lang='lat' dir='ltr'><strong>qui</strong></span> <span class='ocrx_word' id='word_1_230' title='bbox 174 2779 352 2850; x_wconf 88' lang='lat' dir='ltr'><strong>accepturus</strong></span> <span class='ocrx_word' id='word_1_231' title='bbox 380 2781 426 2832; x_wconf 93' lang='lat' dir='ltr'><strong>est</strong></span> <span class='ocrx_word' id='word_1_232' title='bbox 454 2791 489 2832; x_wconf 86' lang='lat' dir='ltr'><strong>ex</strong></span> <span class='ocrx_word' id='word_1_233' title='bbox 512 2773 559 2832; x_wconf 92' lang='lat' dir='ltr'><strong>dic</strong></span> <span class='ocrx_word' id='word_1_234' title='bbox 583 2772 660 2832; x_wconf 87' lang='lat' dir='ltr'><strong>lovis</strong></span> <span class='ocrx_word' id='word_1_235' title='bbox 684 2773 789 2832; x_wconf 90' lang='lat' dir='ltr'><strong>diebus</strong></span> <span class='ocrx_word' id='word_1_236' title='bbox 812 2773 863 2831; x_wconf 95' lang='lat' dir='ltr'><strong>Vll</strong></span> <span class='ocrx_word' id='word_1_237' title='bbox 886 2775 1035 2832; x_wconf 91' lang='lat' dir='ltr'><strong>continuis</strong></span> <span class='ocrx_word' id='word_1_238' title='bbox 1059 2792 1106 2832; x_wconf 92' lang='lat' dir='ltr'><strong>ac·</strong></span> 
     </span>
    </p>

    <p class='ocr_par' dir='ltr' id='par_1_11' title="bbox 50 2859 1106 3116">
     <span class='ocr_line' id='line_1_31' title="bbox 50 2859 1106 2940; baseline 0 -22"><span class='ocrx_word' id='word_1_239' title='bbox 50 2877 79 2918; x_wconf 88' lang='grc'><strong>66</strong></span> <span class='ocrx_word' id='word_1_240' title='bbox 93 2860 197 2940; x_wconf 83' lang='lat' dir='ltr'><strong>cipiat3</strong></span> <span class='ocrx_word' id='word_1_241' title='bbox 226 2862 341 2920; x_wconf 90' lang='lat' dir='ltr'><strong>etiamsi</strong></span> <span class='ocrx_word' id='word_1_242' title='bbox 364 2859 502 2920; x_wconf 92' lang='lat' dir='ltr'><strong>omnibus</strong></span> <span class='ocrx_word' id='word_1_243' title='bbox 525 2877 647 2918; x_wconf 92' lang='lat' dir='ltr'><strong>ossuum</strong></span> <span class='ocrx_word' id='word_1_244' title='bbox 672 2859 894 2937; x_wconf 90' lang='lat' dir='ltr'><strong>compaginibus</strong></span> <span class='ocrx_word' id='word_1_245' title='bbox 918 2859 1051 2918; x_wconf 86' lang='lat' dir='ltr'><strong>adfectus</strong></span> <span class='ocrx_word' id='word_1_246' title='bbox 1075 2868 1106 2918; x_wconf 92' lang='lat' dir='ltr'><strong>et</strong></span> 
     </span>
     <span class='ocr_line' id='line_1_32' title="bbox 92 2945 1105 3027; baseline -0.003 -20"><span class='ocrx_word' id='word_1_247' title='bbox 92 2955 265 3010; x_wconf 87' lang='lat' dir='ltr'><strong>contractus</strong></span> <span class='ocrx_word' id='word_1_248' title='bbox 288 2947 411 3027; x_wconf 90' lang='lat' dir='ltr'><strong>iacebit,</strong></span> <span class='ocrx_word' id='word_1_249' title='bbox 439 2949 517 3006; x_wconf 90' lang='lat' dir='ltr'><strong>intra</strong></span> <span class='ocrx_word' id='word_1_250' title='bbox 545 2946 607 3006; x_wconf 88' lang='lat' dir='ltr'><strong>dies</strong></span> <span class='ocrx_word' id='word_1_251' title='bbox 632 2946 682 3005; x_wconf 92' lang='lat' dir='ltr'><strong>Vll</strong></span> <span class='ocrx_word' id='word_1_252' title='bbox 705 2948 745 3005; x_wconf 91' lang='lat' dir='ltr'><strong>ita</strong></span> <span class='ocrx_word' id='word_1_253' title='bbox 768 2945 934 3027; x_wconf 91' lang='lat' dir='ltr'><strong>sanabitur,</strong></span> <span class='ocrx_word' id='word_1_254' title='bbox 964 2952 997 3005; x_wconf 92' lang='lat' dir='ltr'><strong>nt</strong></span> <span class='ocrx_word' id='word_1_255' title='bbox 1019 2963 1105 3005; x_wconf 91' lang='lat' dir='ltr'><strong>nnm-</strong></span> 
     </span>
     <span class='ocr_line' id='line_1_33' title="bbox 93 3033 985 3116; baseline -0.006 -20"><span class='ocrx_word' id='word_1_256' title='bbox 93 3053 181 3115; x_wconf 90' lang='lat' dir='ltr'><strong>quam</strong></span> <span class='ocrx_word' id='word_1_257' title='bbox 204 3036 326 3116; x_wconf 90' lang='lat' dir='ltr'><strong>paribus</strong></span> <span class='ocrx_word' id='word_1_258' title='bbox 350 3034 502 3096; x_wconf 89' lang='lat' dir='ltr'><strong>doloribus</strong></span> <span class='ocrx_word' id='word_1_259' title='bbox 525 3033 692 3112; x_wconf 91' lang='lat' dir='ltr'><strong>inplicetur.</strong></span> <span class='ocrx_word' id='word_1_260' title='bbox 982 3048 985 3053; x_wconf 87' lang='lat'><em>·</em></span> 
     </span>
    </p>
   </div>
   <div class='ocr_carea' id='block_1_3' title="bbox 181 3119 1158 3204">
    <p class='ocr_par' dir='ltr' id='par_1_12' title="bbox 181 3119 1158 3204">
     <span class='ocr_line' id='line_1_34' title="bbox 181 3119 1158 3204; baseline -0.003 -18"><span class='ocrx_word' id='word_1_261' title='bbox 181 3123 399 3204; x_wconf 72' lang='lat' dir='ltr'><strong>condylomatis</strong></span> <span class='ocrx_word' id='word_1_262' title='bbox 427 3123 620 3184; x_wconf 90' lang='lat' dir='ltr'><strong>articulorum</strong></span> <span class='ocrx_word' id='word_1_263' title='bbox 648 3129 678 3183; x_wconf 92' lang='lat' dir='ltr'><strong>et</strong></span> <span class='ocrx_word' id='word_1_264' title='bbox 702 3138 862 3182; x_wconf 89' lang='lat' dir='ltr'><strong>nervorum</strong></span> <span class='ocrx_word' id='word_1_265' title='bbox 886 3119 997 3181; x_wconf 90' lang='lat' dir='ltr'><strong>sertula</strong></span> <span class='ocrx_word' id='word_1_266' title='bbox 1020 3119 1103 3182; x_wconf 84' lang='lat' dir='ltr'><strong>Cam·</strong></span> <span class='ocrx_word' id='word_1_267' title='bbox 1123 3132 1158 3183; x_wconf 85' lang='lat'><strong>68</strong></span> 
     </span>
    </p>
   </div>
   <div class='ocr_carea' id='block_1_4' title="bbox 77 3273 1160 3554">
    <p class='ocr_par' dir='ltr' id='par_1_13' title="bbox 77 3273 1160 3554">
     <span class='ocr_line' id='line_1_35' title="bbox 182 3273 1108 3342; baseline -0.002 -12"><span class='ocrx_word' id='word_1_268' title='bbox 182 3275 267 3330; x_wconf 85' lang='lat' dir='ltr'><strong>aubi</strong></span> <span class='ocrx_word' id='word_1_269' title='bbox 285 3293 336 3331; x_wconf 86' lang='lat' dir='ltr'><strong>om.</strong></span> <span class='ocrx_word' id='word_1_270' title='bbox 431 3276 534 3330; x_wconf 90' lang='grc'><strong>66616.</strong></span> <span class='ocrx_word' id='word_1_271' title='bbox 631 3275 704 3331; x_wconf 83' lang='lat' dir='ltr'><strong>&#39;tfel</strong></span> <span class='ocrx_word' id='word_1_272' title='bbox 722 3274 856 3329; x_wconf 85' lang='lat' dir='ltr'><strong>ursinum.</strong></span> <span class='ocrx_word' id='word_1_273' title='bbox 947 3273 1108 3342; x_wconf 74' lang='grc'><strong>96661666.</strong></span> 
     </span>
     <span class='ocr_line' id='line_1_36' title="bbox 94 3340 1129 3415; baseline -0.013 -15"><span class='ocrx_word' id='word_1_274' title='bbox 94 3351 128 3400; x_wconf 74' lang='lat'><strong>1⁷</strong></span> <span class='ocrx_word' id='word_1_275' title='bbox 148 3347 303 3415; x_wconf 75' lang='grc'><strong>6666611666,</strong></span> <span class='ocrx_word' id='word_1_276' title='bbox 327 3348 390 3401; x_wconf 79' lang='lat' dir='ltr'><strong>item</strong></span> <span class='ocrx_word' id='word_1_277' title='bbox 414 3351 456 3401; x_wconf 90' lang='lat'><strong>18.</strong></span> <span class='ocrx_word' id='word_1_278' title='bbox 527 3352 560 3403; x_wconf 88' lang='lat'><strong>18</strong></span> <span class='ocrx_word' id='word_1_279' title='bbox 580 3346 615 3403; x_wconf 87' lang='lat' dir='ltr'><strong>de</strong></span> <span class='ocrx_word' id='word_1_280' title='bbox 634 3363 688 3404; x_wconf 82' lang='lat' dir='ltr'><strong>oen.</strong></span> <span class='ocrx_word' id='word_1_281' title='bbox 766 3344 936 3415; x_wconf 65' lang='grc'><strong>1666166.</strong></span> <span class='ocrx_word' id='word_1_282' title='bbox 1005 3349 1050 3393; x_wconf 61' lang='lat' dir='ltr'><strong>‘m</strong></span> <span class='ocrx_word' id='word_1_283' title='bbox 1066 3340 1129 3388; x_wconf 61' lang='lat' dir='ltr'><strong>sox-</strong></span> 
     </span>
     <span class='ocr_line' id='line_1_37' title="bbox 79 3415 1160 3495; baseline -0.01 -28"><span class='ocrx_word' id='word_1_284' title='bbox 79 3415 343 3495; x_wconf 37' lang='grc' dir='ltr'><strong>,1651666ιωῖ3.</strong></span> <span class='ocrx_word' id='word_1_285' title='bbox 400 3424 436 3474; x_wconf 81' lang='lat'><strong>23</strong></span> <span class='ocrx_word' id='word_1_286' title='bbox 455 3418 532 3494; x_wconf 85' lang='lat' dir='ltr'><strong>fieri]</strong></span> <span class='ocrx_word' id='word_1_287' title='bbox 551 3421 619 3479; x_wconf 83' lang='grc'><strong>1661.</strong></span> <span class='ocrx_word' id='word_1_288' title='bbox 666 3426 703 3478; x_wconf 75' lang='lat' dir='ltr'><strong>‘to</strong></span> <span class='ocrx_word' id='word_1_289' title='bbox 721 3416 926 3475; x_wconf 66' lang='lat' dir='ltr'><strong>valedtss&#39;mo.</strong></span> <span class='ocrx_word' id='word_1_290' title='bbox 970 3416 1012 3464; x_wconf 63' lang='lat' dir='ltr'><strong>”ab</strong></span> <span class='ocrx_word' id='word_1_291' title='bbox 1027 3417 1160 3459; x_wconf 67' lang='lat' dir='ltr'><strong>osum</strong></span> 
     </span>
     <span class='ocr_line' id='line_1_38' title="bbox 77 3478 1055 3554; baseline 0.002 -5"><span class='ocrx_word' id='word_1_292' title='bbox 77 3484 153 3549; x_wconf 58' lang='grc'><strong>(61616</strong></span> <span class='ocrx_word' id='word_1_293' title='bbox 170 3485 276 3537; x_wconf 76' lang='lat' dir='ltr'><strong>0⁸³1&#39;11m</strong></span> <span class='ocrx_word' id='word_1_294' title='bbox 294 3486 461 3550; x_wconf 72' lang='grc'><strong>0666666666.</strong></span> <span class='ocrx_word' id='word_1_295' title='bbox 541 3500 580 3552; x_wconf 78' lang='grc'><strong>33</strong></span> <span class='ocrx_word' id='word_1_296' title='bbox 598 3493 823 3554; x_wconf 77' lang='lat' dir='ltr'><strong>condil&#39;amabis.</strong></span> <span class='ocrx_word' id='word_1_297' title='bbox 900 3478 1055 3550; x_wconf 45' lang='lat' dir='ltr'><strong>servm·</strong></span> 
     </span>
    </p>
   </div>
   <div class='ocr_carea' id='block_1_5' title="bbox 118 3571 1022 3640">
    <p class='ocr_par' dir='ltr' id='par_1_14' title="bbox 118 3571 1022 3640">
     <span class='ocr_line' id='line_1_39' title="bbox 118 3571 1022 3640; baseline 0.067 -28"><span class='ocrx_word' id='word_1_298' title='bbox 118 3575 286 3636; x_wconf 65' lang='grc'><strong>6666666666,</strong></span> <span class='ocrx_word' id='word_1_299' title='bbox 300 3593 343 3627; x_wconf 80' lang='lat' dir='ltr'><strong>arn.</strong></span> <span class='ocrx_word' id='word_1_300' title='bbox 358 3589 535 3640; x_wconf 67' lang='lat' dir='ltr'><strong>Heumann.</strong></span> <span class='ocrx_word' id='word_1_301' title='bbox 977 3571 1022 3619; x_wconf 53' lang='grc' dir='ltr'>Ἦ</span> 
     </span>
    </p>
   </div>
   <div class='ocr_carea' id='block_1_6' title="bbox 0 0 1224 3802">
    <p class='ocr_par' dir='ltr' id='par_1_15' title="bbox 0 0 1224 3802">
     <span class='ocr_line' id='line_1_40' title="bbox 0 0 1224 3802; baseline 0 3"><span class='ocrx_word' id='word_1_302' title='bbox 0 0 1224 3802; x_wconf 95' lang='lat' dir='ltr'><strong> </strong></span> 
     </span>
    </p>
   </div>
  </div>
 </body>
</html>
