2438 3802
445 153 689 218 -133-

58 334 144 376 uvam
168 317 387 395 prominentem
411 323 537 377 coercet.
575 314 656 375 Folia
680 313 749 376 rubi
770 316 898 376 arelacta
916 318 948 376 in
967 316 1073 378 umbra
1093 328 1125 380 16

58 407 90 464 in
119 406 250 464 cinerem
278 412 521 485 concremantur,
549 405 574 463 is
603 406 678 464 cinis
701 406 733 464 in
756 404 883 465 cocleari
906 403 979 465 uvae
1003 405 1072 466 sub-

59 496 155 554 iectus
182 500 397 572 praesentaneo
425 493 556 554 remedio
585 511 650 552 eam
673 493 830 554 contrahit.
872 491 1071 554 Hirundinum
1092 507 1125 558 1‘1

60 589 232 642 exustarum
260 583 336 642 cinis
364 600 458 660 usque
487 582 522 642 ad
546 581 713 660 periculum
737 581 883 642 laboranti
907 599 980 642 uvae
1004 600 1072 642 cum

33 669 147 731 smelle
176 672 285 730 mixtus
313 678 451 749 potenter
474 670 619 731 inlinitur.
660 670 785 731 Alumen
815 673 941 731 scissum
965 669 1071 731 leviter
1093 683 1126 734 18

60 761 165 820 tritum
197 757 242 819 vel
271 766 393 819 tunsum
427 777 500 819 uvae
533 758 685 819 subditum
717 759 848 838 prodest.
900 758 1072 820 Chalcitidis
1092 772 1124 822 19

61 841 146 934 21,
176 849 251 908 turis
280 839 319 933 2«
344 846 397 926 lll,
425 847 514 908 calcis
541 849 623 907 vivae
652 847 819 928 denarium,
847 849 950 929 misni,
978 849 1072 930 nardi,

60 936 124 996 solii
143 928 183 1022 β
202 935 303 1017 binos,
326 938 408 996 croci
431 938 504 997 sicci
523 929 563 1023 3·
585 935 625 1014 ΙΙ,
653 939 751 997 omnia
779 946 867 997 tunsa
890 944 921 997 et
943 936 1073 998 cribrata

59 1027 90 1085 in
120 1043 213 1085 unum
241 1024 380 1085 miscebis
409 1024 505 1104 deque
534 1043 568 1085 eo
597 1025 717 1102 pulvere
752 1027 783 1085 in
815 1024 944 1085 cocleari
974 1028 1072 1103 posito

20 1134 46 1174 ιο
60 1132 146 1175 uvam
160 1122 272 1195 tanges,
292 1121 339 1174 ter
356 1131 452 1195 mane,
471 1121 518 1174 ter
531 1121 599 1174 ante
615 1113 760 1194 balneum,
780 1123 895 1174 certum
910 1116 1073 1192 experieris

60 1202 233 1262 remedium.
281 1202 356 1262 Salis
384 1220 522 1282 granum,
550 1204 635 1280 panis
663 1204 782 1281 micam,
810 1201 970 1262 carbonem
992 1220 1072 1262 mor·
1092 1215 1126 1264 2ο

61 1301 144 1351 tuum
169 1293 200 1350 in
223 1291 380 1370 phoenicio
405 1290 537 1370 alligabis
561 1298 590 1352 et
611 1290 671 1350 lino
691 1292 770 1355 circa
790 1289 898 1350 collum
916 1308 1003 1350 uvam
1022 1290 1073 1350 do·

61 1379 135 1440 lenti
157 1380 332 1458 suspendes.
370 1379 447 1440 Suco
467 1380 511 1440 vel
531 1379 607 1441 lacte
626 1380 758 1458 caprifici
780 1381 812 1439 in
831 1377 958 1438 cocleari
975 1380 1072 1457 posito
1092 1391 1125 1441 21

61 1487 117 1528 uva
145 1471 255 1548 optime
284 1467 463 1530 sublevatur.
505 1469 606 1530 Urtica
630 1470 738 1529 teritur
761 1469 885 1546 eiusque
910 1485 1000 1527 sucus
1024 1485 1072 1527 ex·
1092 1479 1126 1528 22

21 1576 47 1617 15
61 1575 183 1636 pressus
212 1565 242 1617 et
270 1557 435 1636 tepefactus
463 1557 499 1618 ab
528 1577 576 1639 eo,
605 1559 656 1637 qui
684 1576 771 1618 uvam
794 1555 886 1637 dolet,
914 1554 1073 1616 salubriter

61 1646 265 1725 gargalizatur.
311 1645 455 1727 Lapillus,
480 1649 531 1726 qui
554 1649 585 1708 in
609 1647 730 1726 slongea
753 1645 890 1706 Africana
913 1646 1073 1724 invenitur,
1092 1655 1126 1706 23

60 1736 218 1816 phoenicio
243 1733 399 1796 obvolutus
422 1734 542 1814 linoque
567 1735 674 1814 ligatus
693 1735 768 1796 collo
788 1733 981 1813 suspenditur
1000 1735 1073 1812 eius,

63 1827 114 1902 qni
140 1841 214 1884 uvae
242 1825 312 1883 vitio
340 1823 463 1886 laborat.
509 1823 634 1884 Carmen
658 1825 693 1884 ad
717 1842 791 1884 uvae
815 1822 962 1902 dolorem,
993 1821 1074 1901 quod
1092 1834 1127 1884 24

62 1914 128 1990 ipse
156 1911 212 1972 sibi
241 1915 293 1992 qni
320 1913 400 1973 dolet
427 1920 600 1992 praecentet
628 1921 657 1973 et
684 1930 789 1987 manus
817 1913 937 1990 supinas
966 1929 982 1971 a
1008 1918 1073 1989 gut·

22 2020 49 2061 ao
65 2009 133 2061 ture
161 2001 320 2080 usque-ad
339 2001 506 2075 ,cerebrum
530 2003 698 2062 coniunctis
724 2001 823 2079 digitis
846 2000 959 2060 ducens
983 1999 1074 2059 dieat:

63 2089 157 2162 Gnissi
180 2092 257 2150 crasi
280 2093 422 2151 cancrasi.
456 2090 571 2162 Quibus
594 2091 683 2150 dictis
706 2107 828 2149 rursum
850 2105 955 2148 manus
974 2105 990 2146 a
1009 2094 1074 2165 gut·

61 2188 129 2239 ture
154 2179 243 2241 ducat
266 2188 296 2239 et
319 2188 365 2240 ter
388 2179 444 2240 hoc
468 2179 565 2240 saciat.
597 2178 758 2239 Laboranti
781 2195 853 2238 uvae
872 2176 1014 2236 diuturno
1034 2175 1073 2235 la·
1092 2186 1127 2237 25

61 2267 133 2327 bore
153 2267 226 2327 baec
245 2285 317 2327 eura
337 2271 501 2329 succurrit:
522 2267 699 2329 llirudinem
718 2269 811 2327 viram
830 2272 907 2326 testo
927 2263 1074 2325 avellanae

61 2355 198 2416 includes
228 2374 351 2435 eamque
379 2357 535 2436 phoenicio
567 2355 729 2417 involutam
759 2355 819 2416 lino
854 2355 933 2415 circa
966 2351 1074 2414 collum

19 2461 46 2502 as
61 2444 223 2523 subligabis
246 2447 384 2525 intraque
407 2445 486 2506 diem
505 2464 617 2507 nonum
636 2448 715 2506 omni
737 2443 872 2506 molestia
890 2442 1074 2504 liberaberis

60 2533 102 2593 lle
127 2552 182 2593 uva
205 2551 292 2612 passa
316 2534 407 2612 eliges
430 2553 569 2617 granum,
595 2535 675 2613 qnod
699 2552 792 2595 unum
815 2534 997 2594 intrinsecus
1021 2549 1073 2591 nu·
1092 2543 1126 2592 26

60 2621 157 2682 cleum
181 2621 300 2701 habeat,
324 2642 451 2702 eumque
475 2626 506 2684 in
529 2624 686 2702 phoenicio
715 2622 847 2701 alligabis
875 2630 906 2682 et
930 2619 1074 2699 saucibus,

60 2710 91 2770 id
120 2719 165 2771 est
188 2713 219 2770 in
243 2713 364 2789 regione
388 2730 474 2790 uvae,
501 2714 616 2772 inseres
640 2720 670 2773 et
694 2711 809 2772 tenebis
833 2717 863 2771 et
886 2710 981 2771 dices:
1013 2708 1075 2768 Uva

61 2817 147 2858 uvam
167 2799 318 2880 emenda13
338 2818 406 2859 mox
424 2801 524 2878 ipsum
542 2799 732 2878 phoenicium
748 2816 838 2876 supra
852 2799 995 2858 verticem
1010 2799 1075 2857 eius

18 2905 47 2946 oo
61 2886 178 2948 tenebis
208 2895 238 2947 et
265 2888 344 2948 idem
373 2887 455 2946 dices
483 2905 611 2965 cumque
636 2895 683 2946 ter
705 2889 803 2966 ipsum
828 2886 936 2945 leceris
959 2892 989 2944 et
1012 2901 1075 2943 oar·

60 2978 233 3056 minareris,
261 2975 336 3036 collo
365 2974 492 3035 dolentis
521 2973 690 3051 subligabis.
732 2974 827 3033 Rosae
855 2975 951 3032 siccae
974 2980 1075 3048 partes
1094 2983 1127 3033 21

61 3064 147 3144 duas,
175 3067 265 3145 myrti
292 3072 407 3144 partem
436 3081 525 3124 unam
554 3081 622 3124 cum
650 3080 725 3142 aqua
753 3059 848 3121 mulsa
872 3060 1021 3137 decoques
1046 3066 1076 3119 et

60 3152 207 3214 laboranti
226 3171 281 3213 uva
301 3152 385 3214 dabis
402 3151 648 3232 gargalizandum.
679 3148 873 3230 Lenticulam,
892 3148 967 3208 ficus
982 3149 1076 3208 siccas

132 3304 357 3360 cherundinum.
400 3306 567 3360 dcalcbitis.
610 3310 643 3360 10
659 3302 779 3374 certum]
793 3301 916 3358 tertium.
960 3307 992 3355 12
1008 3299 1076 3354 feni-

59 3374 110 3430 tio.
172 3383 206 3431 14
224 3393 316 3431 uvam.
377 3383 410 3430 16
429 3376 558 3432 loenioio.
619 3383 653 3431 23
672 3374 825 3431 erudinem.
880 3373 955 3429 testo
974 3371 1077 3428 avella-

58 3448 126 3519 nae]
141 3449 218 3502 teate
229 3446 379 3501 Africanae
393 3448 505 3528 cocleae
521 3448 681 3529 Gornoriue.
719 3451 754 3501 24
768 3445 892 3501 loenitio.
929 3449 964 3499 26
977 3444 1081 3526 libera·

58 3517 140 3573 beree
155 3520 222 3590 (sie).
277 3523 311 3571 27
325 3518 427 3573 foemo.
487 3525 521 3575 29
535 3517 688 3577 foenicum.
751 3523 788 3576 bb
802 3516 916 3575 deuna.
927 3514 1107 3573 Quemnam-
