<?xml version="1.0" encoding="UTF-8"?>
<!DOCTYPE html PUBLIC "-//W3C//DTD XHTML 1.0 Transitional//EN"
    "http://www.w3.org/TR/xhtml1/DTD/xhtml1-transitional.dtd">
<html xmlns="http://www.w3.org/1999/xhtml" xml:lang="en" lang="en">
 <head>
  <title>
</title>
<meta http-equiv="Content-Type" content="text/html;charset=utf-8" />
  <meta name='ocr-system' content='tesseract 3.04.00' />
  <meta name='ocr-capabilities' content='ocr_page ocr_carea ocr_par ocr_line ocrx_word'/>
</head>
<body>
  <div class='ocr_page' id='page_1' title='image "./marcellidemedic01helmgoog_0273.png"; bbox 0 0 2438 3802; ppageno 0'>
   <div class='ocr_carea' id='block_1_1' title="bbox 510 112 751 177">
    <p class='ocr_par' dir='ltr' id='par_1_1' title="bbox 510 112 751 177">
     <span class='ocr_line' id='line_1_1' title="bbox 510 112 751 177; baseline 0 0"><span class='ocrx_word' id='word_1_1' title='bbox 510 146 549 157; x_wconf 91' lang='lat'><em>-</em></span> <span class='ocrx_word' id='word_1_2' title='bbox 596 112 751 177; x_wconf 81' lang='lat'>262-</span> 
     </span>
    </p>
   </div>
   <div class='ocr_carea' id='block_1_2' title="bbox 68 271 1179 3212">
    <p class='ocr_par' dir='ltr' id='par_1_2' title="bbox 122 271 1140 444">
     <span class='ocr_line' id='line_1_2' title="bbox 122 271 1140 355; baseline 0.004 -22"><span class='ocrx_word' id='word_1_3' title='bbox 122 291 197 352; x_wconf 89' lang='lat' dir='ltr'>quae</span> <span class='ocrx_word' id='word_1_4' title='bbox 221 271 332 334; x_wconf 83' lang='lat' dir='ltr'><strong>Graece</strong></span> <span class='ocrx_word' id='word_1_5' title='bbox 356 272 547 351; x_wconf 82' lang='lat' dir='ltr'><strong>sisymbrium</strong></span> <span class='ocrx_word' id='word_1_6' title='bbox 566 274 684 355; x_wconf 89' lang='lat' dir='ltr'>dicitur,</span> <span class='ocrx_word' id='word_1_7' title='bbox 708 276 796 335; x_wconf 92' lang='lat' dir='ltr'>tritae</span> <span class='ocrx_word' id='word_1_8' title='bbox 815 293 906 335; x_wconf 91' lang='lat' dir='ltr'>sucus</span> <span class='ocrx_word' id='word_1_9' title='bbox 926 293 1092 354; x_wconf 80' lang='lat' dir='ltr'>expressus</span> <span class='ocrx_word' id='word_1_10' title='bbox 1111 284 1140 337; x_wconf 94' lang='lat' dir='ltr'>et</span> 
     </span>
     <span class='ocr_line' id='line_1_3' title="bbox 122 362 1140 444; baseline 0.004 -22"><span class='ocrx_word' id='word_1_11' title='bbox 122 380 193 422; x_wconf 91' lang='lat' dir='ltr'>sano</span> <span class='ocrx_word' id='word_1_12' title='bbox 217 381 253 422; x_wconf 88' lang='lat' dir='ltr'>ex</span> <span class='ocrx_word' id='word_1_13' title='bbox 276 365 357 444; x_wconf 86' lang='lat' dir='ltr'>vino,</span> <span class='ocrx_word' id='word_1_14' title='bbox 385 362 568 424; x_wconf 83' lang='lat' dir='ltr'>febricitanti</span> <span class='ocrx_word' id='word_1_15' title='bbox 591 382 626 423; x_wconf 91' lang='lat' dir='ltr'>ex</span> <span class='ocrx_word' id='word_1_16' title='bbox 650 382 726 443; x_wconf 88' lang='lat' dir='ltr'>aqua</span> <span class='ocrx_word' id='word_1_17' title='bbox 748 366 833 442; x_wconf 91' lang='lat' dir='ltr'>potui</span> <span class='ocrx_word' id='word_1_18' title='bbox 856 364 942 424; x_wconf 89' lang='lat' dir='ltr'>datus</span> <span class='ocrx_word' id='word_1_19' title='bbox 966 367 1081 425; x_wconf 92' lang='lat' dir='ltr'>mirum</span> <span class='ocrx_word' id='word_1_20' title='bbox 1105 366 1140 426; x_wconf 91' lang='lat' dir='ltr'>ad</span> 
     </span>
    </p>

    <p class='ocr_par' dir='ltr' id='par_1_3' title="bbox 68 451 1163 708">
     <span class='ocr_line' id='line_1_4' title="bbox 68 451 1140 516; baseline 0.003 -3"><span class='ocrx_word' id='word_1_21' title='bbox 68 463 102 513; x_wconf 81' lang='lat'>62</span> <span class='ocrx_word' id='word_1_22' title='bbox 121 453 252 512; x_wconf 79' lang='lat' dir='ltr'>vessicae</span> <span class='ocrx_word' id='word_1_23' title='bbox 276 451 395 512; x_wconf 92' lang='lat' dir='ltr'>dolores</span> <span class='ocrx_word' id='word_1_24' title='bbox 417 452 583 512; x_wconf 91' lang='lat' dir='ltr'>remedium</span> <span class='ocrx_word' id='word_1_25' title='bbox 607 458 661 512; x_wconf 92' lang='lat' dir='ltr'>est.</span> <span class='ocrx_word' id='word_1_26' title='bbox 697 452 873 514; x_wconf 84' lang='lat' dir='ltr'>Feniculum</span> <span class='ocrx_word' id='word_1_27' title='bbox 897 471 966 514; x_wconf 92' lang='lat' dir='ltr'>cum</span> <span class='ocrx_word' id='word_1_28' title='bbox 984 453 1140 516; x_wconf 84' lang='lat' dir='ltr'>radicibus</span> 
     </span>
     <span class='ocr_line' id='line_1_5' title="bbox 121 540 1141 620; baseline 0.004 -20"><span class='ocrx_word' id='word_1_29' title='bbox 121 542 184 601; x_wconf 90' lang='lat' dir='ltr'>suis</span> <span class='ocrx_word' id='word_1_30' title='bbox 208 540 364 601; x_wconf 93' lang='lat' dir='ltr'>decoctum</span> <span class='ocrx_word' id='word_1_31' title='bbox 388 547 418 600; x_wconf 93' lang='lat' dir='ltr'>et</span> <span class='ocrx_word' id='word_1_32' title='bbox 440 541 525 619; x_wconf 91' lang='lat' dir='ltr'>potui</span> <span class='ocrx_word' id='word_1_33' title='bbox 549 547 701 620; x_wconf 91' lang='lat' dir='ltr'>sumptum</span> <span class='ocrx_word' id='word_1_34' title='bbox 723 541 884 602; x_wconf 87' lang='lat' dir='ltr'>efficaciter</span> <span class='ocrx_word' id='word_1_35' title='bbox 902 543 1037 602; x_wconf 87' lang='lat' dir='ltr'>vessicae</span> <span class='ocrx_word' id='word_1_36' title='bbox 1060 543 1141 604; x_wconf 88' lang='lat' dir='ltr'>dolo-</span> 
     </span>
     <span class='ocr_line' id='line_1_6' title="bbox 121 628 1163 708; baseline 0.003 -19"><span class='ocrx_word' id='word_1_37' title='bbox 121 628 205 691; x_wconf 90' lang='lat' dir='ltr'>ribus</span> <span class='ocrx_word' id='word_1_38' title='bbox 228 629 360 708; x_wconf 89' lang='lat' dir='ltr'>prodest.</span> <span class='ocrx_word' id='word_1_39' title='bbox 1152 651 1163 692; x_wconf 86' lang='lat' dir='ltr'>o</span> 
     </span>
    </p>

    <p class='ocr_par' dir='ltr' id='par_1_4' title="bbox 68 717 1142 797">
     <span class='ocr_line' id='line_1_7' title="bbox 68 717 1142 797; baseline 0.004 -18"><span class='ocrx_word' id='word_1_40' title='bbox 68 730 101 779; x_wconf 88' lang='grc'>63</span> <span class='ocrx_word' id='word_1_41' title='bbox 211 717 416 797; x_wconf 81' lang='lat' dir='ltr'>Glycyrrbizae</span> <span class='ocrx_word' id='word_1_42' title='bbox 431 717 691 779; x_wconf 85' lang='lat' dir='ltr'>commanducatae</span> <span class='ocrx_word' id='word_1_43' title='bbox 707 737 797 780; x_wconf 88' lang='lat' dir='ltr'>sucus</span> <span class='ocrx_word' id='word_1_44' title='bbox 812 718 971 779; x_wconf 89' lang='lat' dir='ltr'>devoratus</span> <span class='ocrx_word' id='word_1_45' title='bbox 980 719 1029 779; x_wconf 86' lang='lat' dir='ltr'>vel</span> <span class='ocrx_word' id='word_1_46' title='bbox 1043 727 1142 782; x_wconf 90' lang='lat' dir='ltr'>trans·</span> 
     </span>
    </p>

    <p class='ocr_par' dir='ltr' id='par_1_5' title="bbox 68 798 1143 975">
     <span class='ocr_line' id='line_1_8' title="bbox 68 798 1143 886; baseline 0.006 -20"><span class='ocrx_word' id='word_1_47' title='bbox 68 818 103 866; x_wconf 89' lang='grc'>64</span> <span class='ocrx_word' id='word_1_48' title='bbox 122 808 232 865; x_wconf 89' lang='lat' dir='ltr'>missus</span> <span class='ocrx_word' id='word_1_49' title='bbox 246 809 363 867; x_wconf 90' lang='lat' dir='ltr'>urinam</span> <span class='ocrx_word' id='word_1_50' title='bbox 381 798 541 867; x_wconf 88' lang='lat' dir='ltr'>efficaciter</span> <span class='ocrx_word' id='word_1_51' title='bbox 554 816 703 886; x_wconf 92' lang='lat' dir='ltr'>provocat.</span> <span class='ocrx_word' id='word_1_52' title='bbox 732 807 888 868; x_wconf 84' lang='lat' dir='ltr'>Trifolium</span> <span class='ocrx_word' id='word_1_53' title='bbox 903 809 1056 869; x_wconf 91' lang='lat' dir='ltr'>minutum</span> <span class='ocrx_word' id='word_1_54' title='bbox 1073 829 1143 872; x_wconf 91' lang='lat' dir='ltr'>cum</span> 
     </span>
     <span class='ocr_line' id='line_1_9' title="bbox 122 895 1142 975; baseline 0.008 -23"><span class='ocrx_word' id='word_1_55' title='bbox 122 896 226 972; x_wconf 89' lang='lat' dir='ltr'>pipere</span> <span class='ocrx_word' id='word_1_56' title='bbox 257 902 287 955; x_wconf 89' lang='lat' dir='ltr'>et</span> <span class='ocrx_word' id='word_1_57' title='bbox 313 895 412 974; x_wconf 90' lang='lat' dir='ltr'>puleio</span> <span class='ocrx_word' id='word_1_58' title='bbox 442 903 586 975; x_wconf 87' lang='lat' dir='ltr'>quantum</span> <span class='ocrx_word' id='word_1_59' title='bbox 614 898 686 956; x_wconf 91' lang='lat' dir='ltr'>satis</span> <span class='ocrx_word' id='word_1_60' title='bbox 713 895 863 957; x_wconf 88' lang='lat' dir='ltr'>videbitur</span> <span class='ocrx_word' id='word_1_61' title='bbox 886 897 992 957; x_wconf 91' lang='lat' dir='ltr'>tritum</span> <span class='ocrx_word' id='word_1_62' title='bbox 1015 905 1048 957; x_wconf 91' lang='lat' dir='ltr'>et</span> <span class='ocrx_word' id='word_1_63' title='bbox 1072 918 1142 960; x_wconf 88' lang='lat' dir='ltr'>cum</span> 
     </span>
    </p>

    <p class='ocr_par' dir='ltr' id='par_1_6' title="bbox 69 983 1176 1240">
     <span class='ocr_line' id='line_1_10' title="bbox 69 983 1143 1064; baseline 0.002 -20"><span class='ocrx_word' id='word_1_64' title='bbox 69 995 102 1044; x_wconf 84' lang='grc'>66</span> <span class='ocrx_word' id='word_1_65' title='bbox 122 984 189 1042; x_wconf 81' lang='lat' dir='ltr'>rino</span> <span class='ocrx_word' id='word_1_66' title='bbox 208 985 292 1061; x_wconf 92' lang='lat' dir='ltr'>potui</span> <span class='ocrx_word' id='word_1_67' title='bbox 311 983 411 1045; x_wconf 92' lang='lat' dir='ltr'>datum</span> <span class='ocrx_word' id='word_1_68' title='bbox 430 987 574 1045; x_wconf 87' lang='lat' dir='ltr'>vessicam</span> <span class='ocrx_word' id='word_1_69' title='bbox 593 1002 740 1064; x_wconf 90' lang='lat' dir='ltr'>renesque</span> <span class='ocrx_word' id='word_1_70' title='bbox 759 984 907 1064; x_wconf 81' lang='lat' dir='ltr'>purgabit.</span> <span class='ocrx_word' id='word_1_71' title='bbox 936 984 1056 1047; x_wconf 88' lang='lat' dir='ltr'>Hcrbae</span> <span class='ocrx_word' id='word_1_72' title='bbox 1076 1007 1143 1049; x_wconf 89' lang='lat' dir='ltr'>ver-</span> 
     </span>
     <span class='ocr_line' id='line_1_11' title="bbox 121 1071 1176 1153; baseline 0 -22"><span class='ocrx_word' id='word_1_73' title='bbox 121 1071 215 1132; x_wconf 89' lang='lat' dir='ltr'>benae</span> <span class='ocrx_word' id='word_1_74' title='bbox 244 1075 389 1134; x_wconf 88' lang='lat' dir='ltr'>contritae</span> <span class='ocrx_word' id='word_1_75' title='bbox 418 1091 508 1134; x_wconf 92' lang='lat' dir='ltr'>sucus</span> <span class='ocrx_word' id='word_1_76' title='bbox 532 1091 692 1153; x_wconf 89' lang='lat' dir='ltr'>expressus</span> <span class='ocrx_word' id='word_1_77' title='bbox 715 1073 839 1134; x_wconf 89' lang='lat' dir='ltr'>adiectis</span> <span class='ocrx_word' id='word_1_78' title='bbox 862 1075 924 1134; x_wconf 91' lang='lat' dir='ltr'>vini</span> <span class='ocrx_word' id='word_1_79' title='bbox 946 1075 1064 1153; x_wconf 83' lang='lat' dir='ltr'>cyathis</span> <span class='ocrx_word' id='word_1_80' title='bbox 1088 1079 1176 1137; x_wconf 78' lang='lat' dir='ltr'>tri-ro</span> 
     </span>
     <span class='ocr_line' id='line_1_12' title="bbox 121 1159 1143 1240; baseline 0.007 -20"><span class='ocrx_word' id='word_1_81' title='bbox 121 1159 177 1221; x_wconf 89' lang='lat' dir='ltr'>bus</span> <span class='ocrx_word' id='word_1_82' title='bbox 205 1165 289 1240; x_wconf 92' lang='lat' dir='ltr'>potui</span> <span class='ocrx_word' id='word_1_83' title='bbox 315 1162 402 1223; x_wconf 92' lang='lat' dir='ltr'>datus</span> <span class='ocrx_word' id='word_1_84' title='bbox 425 1161 639 1223; x_wconf 89' lang='lat' dir='ltr'>admirabiliter</span> <span class='ocrx_word' id='word_1_85' title='bbox 662 1164 804 1222; x_wconf 89' lang='lat' dir='ltr'>continuo</span> <span class='ocrx_word' id='word_1_86' title='bbox 828 1164 933 1222; x_wconf 89' lang='lat' dir='ltr'>urinae</span> <span class='ocrx_word' id='word_1_87' title='bbox 956 1163 1143 1226; x_wconf 89' lang='lat' dir='ltr'>difficultati·</span> 
     </span>
    </p>

    <p class='ocr_par' dir='ltr' id='par_1_7' title="bbox 69 1249 1178 1755">
     <span class='ocr_line' id='line_1_13' title="bbox 69 1249 1143 1336; baseline 0.006 -28"><span class='ocrx_word' id='word_1_88' title='bbox 69 1261 103 1309; x_wconf 90' lang='grc'>66</span> <span class='ocrx_word' id='word_1_89' title='bbox 122 1249 178 1310; x_wconf 92' lang='lat' dir='ltr'>bus</span> <span class='ocrx_word' id='word_1_90' title='bbox 197 1249 340 1330; x_wconf 89' lang='lat' dir='ltr'>proderit.</span> <span class='ocrx_word' id='word_1_91' title='bbox 373 1250 480 1334; x_wconf 84' lang='lat' dir='ltr'>Herba,</span> <span class='ocrx_word' id='word_1_92' title='bbox 501 1269 576 1330; x_wconf 91' lang='lat' dir='ltr'>quae</span> <span class='ocrx_word' id='word_1_93' title='bbox 594 1269 717 1331; x_wconf 90' lang='lat' dir='ltr'>gramen</span> <span class='ocrx_word' id='word_1_94' title='bbox 736 1251 846 1311; x_wconf 91' lang='lat' dir='ltr'>dicitur</span> <span class='ocrx_word' id='word_1_95' title='bbox 860 1250 1007 1311; x_wconf 89' lang='lat' dir='ltr'>nodorum</span> <span class='ocrx_word' id='word_1_96' title='bbox 1022 1251 1143 1336; x_wconf 86' lang='lat' dir='ltr'>XXVll,</span> 
     </span>
     <span class='ocr_line' id='line_1_14' title="bbox 121 1339 1143 1421; baseline 0.005 -23"><span class='ocrx_word' id='word_1_97' title='bbox 121 1356 157 1398; x_wconf 89' lang='lat' dir='ltr'>ex</span> <span class='ocrx_word' id='word_1_98' title='bbox 185 1341 254 1399; x_wconf 89' lang='lat' dir='ltr'>vino</span> <span class='ocrx_word' id='word_1_99' title='bbox 287 1339 323 1400; x_wconf 90' lang='lat' dir='ltr'>ad</span> <span class='ocrx_word' id='word_1_100' title='bbox 350 1339 463 1400; x_wconf 90' lang='lat' dir='ltr'>medias</span> <span class='ocrx_word' id='word_1_101' title='bbox 491 1339 613 1401; x_wconf 87' lang='lat' dir='ltr'>decocta</span> <span class='ocrx_word' id='word_1_102' title='bbox 641 1348 671 1400; x_wconf 90' lang='lat' dir='ltr'>et</span> <span class='ocrx_word' id='word_1_103' title='bbox 694 1357 834 1419; x_wconf 88' lang='lat' dir='ltr'>expressa</span> <span class='ocrx_word' id='word_1_104' title='bbox 857 1348 945 1418; x_wconf 90' lang='lat' dir='ltr'>atque</span> <span class='ocrx_word' id='word_1_105' title='bbox 969 1340 1067 1402; x_wconf 90' lang='lat' dir='ltr'>colata</span> <span class='ocrx_word' id='word_1_106' title='bbox 1090 1362 1143 1421; x_wconf 93' lang='lat' dir='ltr'>po-</span> 
     </span>
     <span class='ocr_line' id='line_1_15' title="bbox 121 1427 1143 1508; baseline 0.005 -21"><span class='ocrx_word' id='word_1_107' title='bbox 121 1429 225 1506; x_wconf 89' lang='lat' dir='ltr'>tuique</span> <span class='ocrx_word' id='word_1_108' title='bbox 249 1430 453 1506; x_wconf 89' lang='lat' dir='ltr'>strangurioso</span> <span class='ocrx_word' id='word_1_109' title='bbox 481 1446 517 1488; x_wconf 89' lang='lat' dir='ltr'>ex</span> <span class='ocrx_word' id='word_1_110' title='bbox 540 1431 602 1488; x_wconf 91' lang='lat' dir='ltr'>vini</span> <span class='ocrx_word' id='word_1_111' title='bbox 629 1427 733 1508; x_wconf 85' lang='lat' dir='ltr'>cyatho</span> <span class='ocrx_word' id='word_1_112' title='bbox 761 1447 821 1488; x_wconf 93' lang='lat' dir='ltr'>uuo</span> <span class='ocrx_word' id='word_1_113' title='bbox 852 1430 943 1488; x_wconf 90' lang='lat' dir='ltr'>mixta</span> <span class='ocrx_word' id='word_1_114' title='bbox 969 1429 1037 1490; x_wconf 88' lang='lat' dir='ltr'>data</span> <span class='ocrx_word' id='word_1_115' title='bbox 1067 1432 1143 1492; x_wconf 90' lang='lat' dir='ltr'>adeo</span> 
     </span>
     <span class='ocr_line' id='line_1_16' title="bbox 120 1516 1178 1598; baseline -0.001 -22"><span class='ocrx_word' id='word_1_116' title='bbox 120 1524 259 1594; x_wconf 88' lang='lat' dir='ltr'>potenter</span> <span class='ocrx_word' id='word_1_117' title='bbox 291 1519 454 1598; x_wconf 88' lang='lat' dir='ltr'>succurrit,</span> <span class='ocrx_word' id='word_1_118' title='bbox 482 1523 517 1576; x_wconf 89' lang='lat' dir='ltr'>ut</span> <span class='ocrx_word' id='word_1_119' title='bbox 544 1516 596 1577; x_wconf 92' lang='lat' dir='ltr'>ubi</span> <span class='ocrx_word' id='word_1_120' title='bbox 623 1518 688 1577; x_wconf 85' lang='lat' dir='ltr'>sine</span> <span class='ocrx_word' id='word_1_121' title='bbox 716 1524 864 1577; x_wconf 91' lang='lat' dir='ltr'>tormento</span> <span class='ocrx_word' id='word_1_122' title='bbox 893 1519 1010 1578; x_wconf 87' lang='lat' dir='ltr'>urinam</span> <span class='ocrx_word' id='word_1_123' title='bbox 1039 1520 1178 1581; x_wconf 77' lang='lat' dir='ltr'>facerem</span> 
     </span>
     <span class='ocr_line' id='line_1_17' title="bbox 122 1605 1142 1686; baseline 0.005 -21"><span class='ocrx_word' id='word_1_124' title='bbox 122 1608 267 1686; x_wconf 91' lang='lat' dir='ltr'>coeperit,</span> <span class='ocrx_word' id='word_1_125' title='bbox 295 1605 360 1666; x_wconf 91' lang='lat' dir='ltr'>dari</span> <span class='ocrx_word' id='word_1_126' title='bbox 382 1623 443 1665; x_wconf 93' lang='lat' dir='ltr'>non</span> <span class='ocrx_word' id='word_1_127' title='bbox 466 1612 611 1686; x_wconf 92' lang='lat' dir='ltr'>oporteat,</span> <span class='ocrx_word' id='word_1_128' title='bbox 635 1605 688 1665; x_wconf 92' lang='lat' dir='ltr'>sed</span> <span class='ocrx_word' id='word_1_129' title='bbox 711 1605 892 1667; x_wconf 88' lang='lat' dir='ltr'>febricitanti</span> <span class='ocrx_word' id='word_1_130' title='bbox 915 1624 952 1666; x_wconf 85' lang='lat' dir='ltr'>ex</span> <span class='ocrx_word' id='word_1_131' title='bbox 975 1625 1053 1686; x_wconf 87' lang='lat' dir='ltr'>aqua</span> <span class='ocrx_word' id='word_1_132' title='bbox 1078 1609 1142 1670; x_wconf 90' lang='lat' dir='ltr'>sola</span> 
     </span>
     <span class='ocr_line' id='line_1_18' title="bbox 122 1693 248 1755; baseline 0.008 -1"><span class='ocrx_word' id='word_1_133' title='bbox 122 1693 248 1755; x_wconf 87' lang='lat' dir='ltr'>dabitur.</span> 
     </span>
    </p>

    <p class='ocr_par' dir='ltr' id='par_1_8' title="bbox 69 1782 1177 2132">
     <span class='ocr_line' id='line_1_19' title="bbox 69 1782 1141 1863; baseline 0.007 -23"><span class='ocrx_word' id='word_1_134' title='bbox 69 1792 102 1841; x_wconf 79' lang='lat'>67</span> <span class='ocrx_word' id='word_1_135' title='bbox 212 1783 244 1844; x_wconf 90' lang='lat' dir='ltr'>Si</span> <span class='ocrx_word' id='word_1_136' title='bbox 267 1784 335 1863; x_wconf 89' lang='lat' dir='ltr'>quis</span> <span class='ocrx_word' id='word_1_137' title='bbox 358 1783 429 1843; x_wconf 92' lang='lat' dir='ltr'>vitio</span> <span class='ocrx_word' id='word_1_138' title='bbox 453 1784 584 1843; x_wconf 87' lang='lat' dir='ltr'>vessicae</span> <span class='ocrx_word' id='word_1_139' title='bbox 608 1790 659 1843; x_wconf 89' lang='lat' dir='ltr'>aut</span> <span class='ocrx_word' id='word_1_140' title='bbox 678 1785 839 1861; x_wconf 90' lang='lat' dir='ltr'>strangurii</span> <span class='ocrx_word' id='word_1_141' title='bbox 862 1782 1000 1843; x_wconf 91' lang='lat' dir='ltr'>laborans</span> <span class='ocrx_word' id='word_1_142' title='bbox 1024 1783 1141 1863; x_wconf 89' lang='lat' dir='ltr'>lignum</span> 
     </span>
     <span class='ocr_line' id='line_1_20' title="bbox 122 1871 1141 1952; baseline 0.004 -20"><span class='ocrx_word' id='word_1_143' title='bbox 122 1874 297 1934; x_wconf 89' lang='lat' dir='ltr'>tamaricum</span> <span class='ocrx_word' id='word_1_144' title='bbox 324 1871 432 1932; x_wconf 92' lang='lat' dir='ltr'>ardens</span> <span class='ocrx_word' id='word_1_145' title='bbox 462 1871 534 1933; x_wconf 93' lang='lat' dir='ltr'>lotio</span> <span class='ocrx_word' id='word_1_146' title='bbox 558 1890 612 1933; x_wconf 93' lang='lat' dir='ltr'>suo</span> <span class='ocrx_word' id='word_1_147' title='bbox 632 1874 804 1952; x_wconf 82' lang='lat' dir='ltr'>extinxerit,</span> <span class='ocrx_word' id='word_1_148' title='bbox 833 1872 950 1932; x_wconf 86' lang='lat' dir='ltr'>desinet</span> <span class='ocrx_word' id='word_1_149' title='bbox 972 1872 1051 1933; x_wconf 89' lang='lat' dir='ltr'>ultra</span> <span class='ocrx_word' id='word_1_150' title='bbox 1073 1893 1141 1936; x_wconf 90' lang='lat' dir='ltr'>cru·</span> 
     </span>
     <span class='ocr_line' id='line_1_21' title="bbox 69 1961 1177 2041; baseline 0.006 -23"><span class='ocrx_word' id='word_1_151' title='bbox 69 1970 102 2018; x_wconf 86' lang='grc'>68</span> <span class='ocrx_word' id='word_1_152' title='bbox 122 1963 203 2022; x_wconf 83' lang='lat' dir='ltr'>ciani.</span> <span class='ocrx_word' id='word_1_153' title='bbox 236 1961 378 2041; x_wconf 86' lang='lat' dir='ltr'>Cupressi</span> <span class='ocrx_word' id='word_1_154' title='bbox 400 1961 469 2022; x_wconf 88' lang='lat' dir='ltr'>folia</span> <span class='ocrx_word' id='word_1_155' title='bbox 492 1969 595 2022; x_wconf 90' lang='lat' dir='ltr'>tenera</span> <span class='ocrx_word' id='word_1_156' title='bbox 615 1979 651 2021; x_wconf 89' lang='lat' dir='ltr'>ex</span> <span class='ocrx_word' id='word_1_157' title='bbox 670 1979 763 2040; x_wconf 86' lang='lat' dir='ltr'>aquae</span> <span class='ocrx_word' id='word_1_158' title='bbox 783 1962 920 2020; x_wconf 85' lang='lat' dir='ltr'>sextariis</span> <span class='ocrx_word' id='word_1_159' title='bbox 939 1969 1083 2039; x_wconf 91' lang='lat' dir='ltr'>quattuor</span> <span class='ocrx_word' id='word_1_160' title='bbox 1103 1964 1140 2025; x_wconf 92' lang='lat' dir='ltr'>ad</span> <span class='ocrx_word' id='word_1_161' title='bbox 1153 1978 1177 2017; x_wconf 81' lang='lat'>20</span> 
     </span>
     <span class='ocr_line' id='line_1_22' title="bbox 122 2048 1140 2132; baseline 0.004 -22"><span class='ocrx_word' id='word_1_162' title='bbox 122 2053 284 2112; x_wconf 89' lang='lat' dir='ltr'>sextarium</span> <span class='ocrx_word' id='word_1_163' title='bbox 306 2051 428 2112; x_wconf 89' lang='lat' dir='ltr'>decocta</span> <span class='ocrx_word' id='word_1_164' title='bbox 447 2058 477 2112; x_wconf 92' lang='lat' dir='ltr'>et</span> <span class='ocrx_word' id='word_1_165' title='bbox 496 2069 637 2132; x_wconf 89' lang='lat' dir='ltr'>expressa</span> <span class='ocrx_word' id='word_1_166' title='bbox 656 2059 744 2128; x_wconf 87' lang='lat' dir='ltr'>atque</span> <span class='ocrx_word' id='word_1_167' title='bbox 764 2048 857 2110; x_wconf 91' lang='lat' dir='ltr'>colata</span> <span class='ocrx_word' id='word_1_168' title='bbox 877 2067 946 2110; x_wconf 90' lang='lat' dir='ltr'>cum</span> <span class='ocrx_word' id='word_1_169' title='bbox 964 2051 1032 2111; x_wconf 91' lang='lat' dir='ltr'>vino</span> <span class='ocrx_word' id='word_1_170' title='bbox 1052 2055 1140 2130; x_wconf 92' lang='lat' dir='ltr'>potui</span> 
     </span>
    </p>

    <p class='ocr_par' dir='ltr' id='par_1_9' title="bbox 122 2139 733 2218">
     <span class='ocr_line' id='line_1_23' title="bbox 122 2139 733 2218; baseline -0.002 -18"><span class='ocrx_word' id='word_1_171' title='bbox 122 2139 189 2201; x_wconf 89' lang='lat' dir='ltr'>data</span> <span class='ocrx_word' id='word_1_172' title='bbox 212 2143 381 2218; x_wconf 85' lang='lat' dir='ltr'>stranguria</span> <span class='ocrx_word' id='word_1_173' title='bbox 405 2140 544 2201; x_wconf 88' lang='lat' dir='ltr'>celeriter</span> <span class='ocrx_word' id='word_1_174' title='bbox 568 2139 733 2200; x_wconf 90' lang='lat' dir='ltr'>emendant.</span> 
     </span>
    </p>

    <p class='ocr_par' dir='ltr' id='par_1_10' title="bbox 70 2226 1177 2572">
     <span class='ocr_line' id='line_1_24' title="bbox 70 2226 1141 2308; baseline 0.003 -21"><span class='ocrx_word' id='word_1_175' title='bbox 70 2239 102 2288; x_wconf 83' lang='grc'>69</span> <span class='ocrx_word' id='word_1_176' title='bbox 210 2228 345 2289; x_wconf 91' lang='lat' dir='ltr'>Hederae</span> <span class='ocrx_word' id='word_1_177' title='bbox 368 2230 470 2306; x_wconf 82' lang='lat' dir='ltr'>nigrae</span> <span class='ocrx_word' id='word_1_178' title='bbox 493 2227 581 2288; x_wconf 90' lang='lat' dir='ltr'>bacas</span> <span class='ocrx_word' id='word_1_179' title='bbox 604 2226 628 2286; x_wconf 93' lang='lat' dir='ltr'>V</span> <span class='ocrx_word' id='word_1_180' title='bbox 651 2235 702 2287; x_wconf 90' lang='lat' dir='ltr'>aut</span> <span class='ocrx_word' id='word_1_181' title='bbox 725 2226 762 2286; x_wconf 91' lang='lat' dir='ltr'>Vl</span> <span class='ocrx_word' id='word_1_182' title='bbox 788 2235 839 2287; x_wconf 92' lang='lat' dir='ltr'>aut</span> <span class='ocrx_word' id='word_1_183' title='bbox 866 2227 1018 2308; x_wconf 84' lang='lat' dir='ltr'>undecim,</span> <span class='ocrx_word' id='word_1_184' title='bbox 1046 2237 1141 2306; x_wconf 88' lang='lat' dir='ltr'>prout</span> 
     </span>
     <span class='ocr_line' id='line_1_25' title="bbox 123 2317 1141 2396; baseline 0.002 -20"><span class='ocrx_word' id='word_1_185' title='bbox 123 2325 203 2377; x_wconf 90' lang='lat' dir='ltr'>aetas</span> <span class='ocrx_word' id='word_1_186' title='bbox 231 2318 313 2394; x_wconf 90' lang='lat' dir='ltr'>aegri</span> <span class='ocrx_word' id='word_1_187' title='bbox 339 2319 479 2394; x_wconf 90' lang='lat' dir='ltr'>viresque</span> <span class='ocrx_word' id='word_1_188' title='bbox 505 2317 672 2396; x_wconf 89' lang='lat' dir='ltr'>patientur,</span> <span class='ocrx_word' id='word_1_189' title='bbox 701 2317 843 2376; x_wconf 91' lang='lat' dir='ltr'>contritas</span> <span class='ocrx_word' id='word_1_190' title='bbox 872 2334 908 2376; x_wconf 89' lang='lat' dir='ltr'>cx</span> <span class='ocrx_word' id='word_1_191' title='bbox 936 2334 1011 2395; x_wconf 89' lang='lat' dir='ltr'>aqua</span> <span class='ocrx_word' id='word_1_192' title='bbox 1041 2317 1141 2379; x_wconf 91' lang='lat' dir='ltr'>mulsa</span> 
     </span>
     <span class='ocr_line' id='line_1_26' title="bbox 122 2402 1177 2484; baseline 0 -21"><span class='ocrx_word' id='word_1_193' title='bbox 122 2411 255 2482; x_wconf 87' lang='lat' dir='ltr'>sumptas</span> <span class='ocrx_word' id='word_1_194' title='bbox 276 2405 351 2463; x_wconf 92' lang='lat' dir='ltr'>mire</span> <span class='ocrx_word' id='word_1_195' title='bbox 369 2402 513 2480; x_wconf 90' lang='lat' dir='ltr'>prodesse</span> <span class='ocrx_word' id='word_1_196' title='bbox 532 2403 722 2464; x_wconf 90' lang='lat' dir='ltr'>manifestum</span> <span class='ocrx_word' id='word_1_197' title='bbox 744 2410 798 2482; x_wconf 90' lang='lat' dir='ltr'>est,</span> <span class='ocrx_word' id='word_1_198' title='bbox 821 2405 910 2464; x_wconf 90' lang='lat' dir='ltr'>etiam</span> <span class='ocrx_word' id='word_1_199' title='bbox 930 2407 956 2465; x_wconf 90' lang='lat' dir='ltr'>si</span> <span class='ocrx_word' id='word_1_200' title='bbox 975 2408 1140 2484; x_wconf 90' lang='lat' dir='ltr'>sanguinu-</span> <span class='ocrx_word' id='word_1_201' title='bbox 1153 2422 1177 2464; x_wconf 75' lang='lat' dir='ltr'>xa</span> 
     </span>
     <span class='ocr_line' id='line_1_27' title="bbox 123 2490 1140 2572; baseline 0.006 -22"><span class='ocrx_word' id='word_1_202' title='bbox 123 2490 232 2551; x_wconf 92' lang='lat' dir='ltr'>lentam</span> <span class='ocrx_word' id='word_1_203' title='bbox 255 2492 372 2551; x_wconf 90' lang='lat' dir='ltr'>urinam</span> <span class='ocrx_word' id='word_1_204' title='bbox 397 2493 620 2569; x_wconf 89' lang='lat' dir='ltr'>stranguriosus</span> <span class='ocrx_word' id='word_1_205' title='bbox 643 2491 744 2571; x_wconf 80' lang='lat' dir='ltr'>faciet3</span> <span class='ocrx_word' id='word_1_206' title='bbox 773 2510 809 2550; x_wconf 91' lang='lat' dir='ltr'>ex</span> <span class='ocrx_word' id='word_1_207' title='bbox 833 2510 909 2572; x_wconf 91' lang='lat' dir='ltr'>aqua</span> <span class='ocrx_word' id='word_1_208' title='bbox 932 2496 1140 2557; x_wconf 88' lang='lat' dir='ltr'>tantummodo</span> 
     </span>
    </p>

    <p class='ocr_par' dir='ltr' id='par_1_11' title="bbox 70 2579 1140 2838">
     <span class='ocr_line' id='line_1_28' title="bbox 70 2579 1140 2659; baseline 0.004 -19"><span class='ocrx_word' id='word_1_209' title='bbox 70 2590 102 2640; x_wconf 74' lang='grc' dir='ltr'>το</span> <span class='ocrx_word' id='word_1_210' title='bbox 123 2579 216 2640; x_wconf 91' lang='lat' dir='ltr'>calida</span> <span class='ocrx_word' id='word_1_211' title='bbox 240 2598 289 2640; x_wconf 91' lang='lat' dir='ltr'>eas</span> <span class='ocrx_word' id='word_1_212' title='bbox 312 2588 415 2659; x_wconf 89' lang='lat' dir='ltr'>potare</span> <span class='ocrx_word' id='word_1_213' title='bbox 439 2579 567 2641; x_wconf 89' lang='lat' dir='ltr'>debebit.</span> <span class='ocrx_word' id='word_1_214' title='bbox 599 2579 668 2640; x_wconf 77' lang='lat' dir='ltr'>dvis</span> <span class='ocrx_word' id='word_1_215' title='bbox 688 2579 848 2658; x_wconf 84' lang='lat' dir='ltr'>ossifragae</span> <span class='ocrx_word' id='word_1_216' title='bbox 868 2582 1051 2642; x_wconf 87' lang='lat' dir='ltr'>ventriculus</span> <span class='ocrx_word' id='word_1_217' title='bbox 1072 2584 1140 2644; x_wconf 91' lang='lat' dir='ltr'>sali-</span> 
     </span>
     <span class='ocr_line' id='line_1_29' title="bbox 123 2669 1140 2750; baseline 0.004 -20"><span class='ocrx_word' id='word_1_218' title='bbox 123 2678 181 2749; x_wconf 91' lang='lat' dir='ltr'>tus,</span> <span class='ocrx_word' id='word_1_219' title='bbox 204 2677 238 2730; x_wconf 92' lang='lat' dir='ltr'>ut</span> <span class='ocrx_word' id='word_1_220' title='bbox 262 2671 375 2730; x_wconf 91' lang='lat' dir='ltr'>servari</span> <span class='ocrx_word' id='word_1_221' title='bbox 392 2671 496 2750; x_wconf 92' lang='lat' dir='ltr'>possit,</span> <span class='ocrx_word' id='word_1_222' title='bbox 520 2680 571 2730; x_wconf 93' lang='lat' dir='ltr'>aut</span> <span class='ocrx_word' id='word_1_223' title='bbox 590 2675 714 2730; x_wconf 88' lang='lat' dir='ltr'>exustus</span> <span class='ocrx_word' id='word_1_224' title='bbox 734 2676 764 2729; x_wconf 92' lang='lat' dir='ltr'>et</span> <span class='ocrx_word' id='word_1_225' title='bbox 782 2671 813 2729; x_wconf 92' lang='lat' dir='ltr'>in</span> <span class='ocrx_word' id='word_1_226' title='bbox 830 2669 983 2748; x_wconf 91' lang='lat' dir='ltr'>pulverem</span> <span class='ocrx_word' id='word_1_227' title='bbox 997 2671 1140 2735; x_wconf 90' lang='lat' dir='ltr'>redactus</span> 
     </span>
     <span class='ocr_line' id='line_1_30' title="bbox 124 2758 1029 2838; baseline 0.001 -19"><span class='ocrx_word' id='word_1_228' title='bbox 124 2777 192 2819; x_wconf 93' lang='lat' dir='ltr'>cum</span> <span class='ocrx_word' id='word_1_229' title='bbox 216 2760 276 2820; x_wconf 91' lang='lat' dir='ltr'>vini</span> <span class='ocrx_word' id='word_1_230' title='bbox 299 2761 420 2838; x_wconf 90' lang='lat' dir='ltr'>potione</span> <span class='ocrx_word' id='word_1_231' title='bbox 444 2759 531 2820; x_wconf 89' lang='lat' dir='ltr'>datus</span> <span class='ocrx_word' id='word_1_232' title='bbox 554 2760 672 2821; x_wconf 87' lang='lat' dir='ltr'>urinam</span> <span class='ocrx_word' id='word_1_233' title='bbox 695 2758 857 2819; x_wconf 84' lang='lat' dir='ltr'>efficaciter</span> <span class='ocrx_word' id='word_1_234' title='bbox 880 2767 1029 2837; x_wconf 90' lang='lat' dir='ltr'>provocat.</span> 
     </span>
    </p>

    <p class='ocr_par' dir='ltr' id='par_1_12' title="bbox 71 2847 1179 3212">
     <span class='ocr_line' id='line_1_31' title="bbox 71 2847 1179 2929; baseline 0.003 -23"><span class='ocrx_word' id='word_1_235' title='bbox 71 2857 103 2906; x_wconf 76' lang='lat'>⁷1</span> <span class='ocrx_word' id='word_1_236' title='bbox 212 2847 300 2910; x_wconf 88' lang='lat' dir='ltr'>Mulis</span> <span class='ocrx_word' id='word_1_237' title='bbox 328 2851 507 2929; x_wconf 91' lang='lat' dir='ltr'>inpetigines</span> <span class='ocrx_word' id='word_1_238' title='bbox 535 2851 566 2910; x_wconf 94' lang='lat' dir='ltr'>in</span> <span class='ocrx_word' id='word_1_239' title='bbox 589 2856 718 2927; x_wconf 91' lang='lat' dir='ltr'>utroque</span> <span class='ocrx_word' id='word_1_240' title='bbox 742 2867 830 2909; x_wconf 90' lang='lat' dir='ltr'>crure</span> <span class='ocrx_word' id='word_1_241' title='bbox 854 2866 945 2926; x_wconf 90' lang='lat' dir='ltr'>super</span> <span class='ocrx_word' id='word_1_242' title='bbox 968 2866 1064 2927; x_wconf 88' lang='lat' dir='ltr'>genua</span> <span class='ocrx_word' id='word_1_243' title='bbox 1089 2869 1140 2912; x_wconf 94' lang='lat' dir='ltr'>na·</span> <span class='ocrx_word' id='word_1_244' title='bbox 1154 2867 1179 2909; x_wconf 84' lang='lat' dir='ltr'>oo</span> 
     </span>
     <span class='ocr_line' id='line_1_32' title="bbox 124 2936 1141 3018; baseline 0.004 -21"><span class='ocrx_word' id='word_1_245' title='bbox 124 2946 250 3000; x_wconf 92' lang='lat' dir='ltr'>scuntur</span> <span class='ocrx_word' id='word_1_246' title='bbox 270 2947 299 3000; x_wconf 91' lang='lat' dir='ltr'>et</span> <span class='ocrx_word' id='word_1_247' title='bbox 318 2939 408 3001; x_wconf 90' lang='lat' dir='ltr'>veluti</span> <span class='ocrx_word' id='word_1_248' title='bbox 428 2941 505 3000; x_wconf 92' lang='lat' dir='ltr'>cutis</span> <span class='ocrx_word' id='word_1_249' title='bbox 525 2938 624 2999; x_wconf 89' lang='lat' dir='ltr'>aridae</span> <span class='ocrx_word' id='word_1_250' title='bbox 643 2937 731 2998; x_wconf 92' lang='lat' dir='ltr'>modo</span> <span class='ocrx_word' id='word_1_251' title='bbox 750 2937 918 3018; x_wconf 83' lang='lat' dir='ltr'>inhaerent3</span> <span class='ocrx_word' id='word_1_252' title='bbox 939 2936 992 2997; x_wconf 91' lang='lat' dir='ltr'>has</span> <span class='ocrx_word' id='word_1_253' title='bbox 1011 2940 1141 3001; x_wconf 90' lang='lat' dir='ltr'>incende</span> 
     </span>
     <span class='ocr_line' id='line_1_33' title="bbox 123 3026 1141 3107; baseline 0.003 -20"><span class='ocrx_word' id='word_1_254' title='bbox 123 3036 154 3088; x_wconf 90' lang='lat' dir='ltr'>et</span> <span class='ocrx_word' id='word_1_255' title='bbox 182 3030 419 3107; x_wconf 90' lang='lat' dir='ltr'>stranguriosum</span> <span class='ocrx_word' id='word_1_256' title='bbox 447 3028 641 3090; x_wconf 90' lang='lat' dir='ltr'>divaricatum</span> <span class='ocrx_word' id='word_1_257' title='bbox 670 3026 800 3106; x_wconf 90' lang='lat' dir='ltr'>desuper</span> <span class='ocrx_word' id='word_1_258' title='bbox 827 3043 918 3105; x_wconf 88' lang='lat' dir='ltr'>ponc,</span> <span class='ocrx_word' id='word_1_259' title='bbox 945 3027 987 3086; x_wconf 92' lang='lat' dir='ltr'>ita</span> <span class='ocrx_word' id='word_1_260' title='bbox 1014 3035 1049 3088; x_wconf 97' lang='lat' dir='ltr'>ut</span> <span class='ocrx_word' id='word_1_261' title='bbox 1078 3031 1141 3090; x_wconf 91' lang='lat' dir='ltr'>suf·</span> 
     </span>
     <span class='ocr_line' id='line_1_34' title="bbox 123 3114 1142 3212; baseline 0.005 -38"><span class='ocrx_word' id='word_1_262' title='bbox 123 3116 347 3196; x_wconf 87' lang='lat' dir='ltr'>fumigationem</span> <span class='ocrx_word' id='word_1_263' title='bbox 376 3117 456 3178; x_wconf 92' lang='lat' dir='ltr'>illam</span> <span class='ocrx_word' id='word_1_264' title='bbox 480 3118 617 3195; x_wconf 91' lang='lat' dir='ltr'>expausis</span> <span class='ocrx_word' id='word_1_265' title='bbox 641 3114 775 3212; x_wconf 64' lang='lat' dir='ltr'>vestibus</span> <span class='ocrx_word' id='word_1_266' title='bbox 799 3121 892 3194; x_wconf 88' lang='lat' dir='ltr'>tegat,</span> <span class='ocrx_word' id='word_1_267' title='bbox 921 3132 959 3174; x_wconf 92' lang='lat' dir='ltr'>ne</span> <span class='ocrx_word' id='word_1_268' title='bbox 983 3133 1041 3194; x_wconf 88' lang='lat' dir='ltr'>qua</span> <span class='ocrx_word' id='word_1_269' title='bbox 1066 3117 1142 3179; x_wconf 91' lang='lat' dir='ltr'>odor</span> 
     </span>
    </p>
   </div>
   <div class='ocr_carea' id='block_1_3' title="bbox 124 3265 1141 3552">
    <p class='ocr_par' dir='ltr' id='par_1_13' title="bbox 124 3265 1141 3552">
     <span class='ocr_line' id='line_1_35' title="bbox 215 3265 1141 3339; baseline 0 -16"><span class='ocrx_word' id='word_1_270' title='bbox 215 3268 434 3324; x_wconf 82' lang='lat' dir='ltr'>laesimbrium.</span> <span class='ocrx_word' id='word_1_271' title='bbox 508 3265 692 3337; x_wconf 74' lang='lat' dir='ltr'>dglicexizae</span> <span class='ocrx_word' id='word_1_272' title='bbox 711 3267 968 3325; x_wconf 83' lang='lat' dir='ltr'>cummanducatae.</span> <span class='ocrx_word' id='word_1_273' title='bbox 1038 3274 1141 3339; x_wconf 70' lang='grc' dir='ltr'>θρω-</span> 
     </span>
     <span class='ocr_line' id='line_1_36' title="bbox 124 3337 1141 3410; baseline 0.005 -17"><span class='ocrx_word' id='word_1_274' title='bbox 124 3338 247 3408; x_wconf 84' lang='lat' dir='ltr'>gabitur.</span> <span class='ocrx_word' id='word_1_275' title='bbox 358 3346 391 3394; x_wconf 84' lang='lat'>14</span> <span class='ocrx_word' id='word_1_276' title='bbox 413 3339 609 3410; x_wconf 86' lang='lat' dir='ltr'>strangulioso.</span> <span class='ocrx_word' id='word_1_277' title='bbox 719 3344 752 3394; x_wconf 84' lang='lat'>18</span> <span class='ocrx_word' id='word_1_278' title='bbox 778 3339 952 3408; x_wconf 80' lang='lat' dir='ltr'>stranguriae</span> <span class='ocrx_word' id='word_1_279' title='bbox 977 3337 1141 3398; x_wconf 66' lang='lat' dir='ltr'>odoenus.</span> 
     </span>
     <span class='ocr_line' id='line_1_37' title="bbox 127 3407 1141 3480; baseline 0.005 -16"><span class='ocrx_word' id='word_1_280' title='bbox 127 3416 159 3464; x_wconf 84' lang='lat'>19</span> <span class='ocrx_word' id='word_1_281' title='bbox 179 3411 351 3466; x_wconf 83' lang='lat' dir='ltr'>extinoxerit.</span> <span class='ocrx_word' id='word_1_282' title='bbox 461 3416 494 3465; x_wconf 80' lang='lat'>22</span> <span class='ocrx_word' id='word_1_283' title='bbox 520 3407 709 3480; x_wconf 85' lang='lat' dir='ltr'>stranguriam</span> <span class='ocrx_word' id='word_1_284' title='bbox 730 3409 889 3465; x_wconf 67' lang='lat' dir='ltr'>(loricamur.</span> <span class='ocrx_word' id='word_1_285' title='bbox 998 3412 1141 3470; x_wconf 79' lang='lat' dir='ltr'>emendat.</span> 
     </span>
     <span class='ocr_line' id='line_1_38' title="bbox 124 3480 1060 3552; baseline 0.001 -19"><span class='ocrx_word' id='word_1_286' title='bbox 124 3481 368 3551; x_wconf 63' lang='lat' dir='ltr'>ebertramnum.</span> <span class='ocrx_word' id='word_1_287' title='bbox 442 3488 476 3536; x_wconf 80' lang='lat'>26</span> <span class='ocrx_word' id='word_1_288' title='bbox 495 3480 542 3552; x_wconf 83' lang='lat' dir='ltr'>ex]</span> <span class='ocrx_word' id='word_1_289' title='bbox 561 3482 598 3535; x_wconf 85' lang='lat' dir='ltr'>et.</span> <span class='ocrx_word' id='word_1_290' title='bbox 671 3480 843 3536; x_wconf 73' lang='lat' dir='ltr'>exsulibus.</span> <span class='ocrx_word' id='word_1_291' title='bbox 917 3486 951 3536; x_wconf 84' lang='lat'>30</span> <span class='ocrx_word' id='word_1_292' title='bbox 969 3480 1060 3536; x_wconf 84' lang='lat' dir='ltr'>ienuu.</span> 
     </span>
    </p>
   </div>
   <div class='ocr_carea' id='block_1_4' title="bbox 0 0 1229 3802">
    <p class='ocr_par' dir='ltr' id='par_1_14' title="bbox 0 0 1229 3802">
     <span class='ocr_line' id='line_1_39' title="bbox 0 0 1229 3802; baseline 0 0"><span class='ocrx_word' id='word_1_293' title='bbox 0 0 1229 3802; x_wconf 95' lang='lat' dir='ltr'> </span> 
     </span>
    </p>
   </div>
  </div>
 </body>
</html>
