<?xml version="1.0" encoding="UTF-8"?>
<!DOCTYPE html PUBLIC "-//W3C//DTD XHTML 1.0 Transitional//EN"
    "http://www.w3.org/TR/xhtml1/DTD/xhtml1-transitional.dtd">
<html xmlns="http://www.w3.org/1999/xhtml" xml:lang="en" lang="en">
 <head>
  <title>
</title>
<meta http-equiv="Content-Type" content="text/html;charset=utf-8" />
  <meta name='ocr-system' content='tesseract 3.04.00' />
  <meta name='ocr-capabilities' content='ocr_page ocr_carea ocr_par ocr_line ocrx_word'/>
</head>
<body>
  <div class='ocr_page' id='page_1' title='image "./marcellidemedic01helmgoog_0349.png"; bbox 0 0 2438 3802; ppageno 0'>
   <div class='ocr_carea' id='block_1_1' title="bbox 502 100 744 164">
    <p class='ocr_par' dir='ltr' id='par_1_1' title="bbox 502 100 744 164">
     <span class='ocr_line' id='line_1_1' title="bbox 502 100 744 164; baseline 0 0"><span class='ocrx_word' id='word_1_1' title='bbox 502 100 655 164; x_wconf 88' lang='grc'><strong>-348</strong></span> <span class='ocrx_word' id='word_1_2' title='bbox 704 135 744 146; x_wconf 91' lang='lat'>-</span> 
     </span>
    </p>
   </div>
   <div class='ocr_carea' id='block_1_2' title="bbox 66 260 1170 1136">
    <p class='ocr_par' dir='ltr' id='par_1_2' title="bbox 117 260 1143 604">
     <span class='ocr_line' id='line_1_2' title="bbox 117 260 1143 343; baseline 0.002 -20"><span class='ocrx_word' id='word_1_3' title='bbox 117 264 245 343; x_wconf 89' lang='lat' dir='ltr'><strong>lentum,</strong></span> <span class='ocrx_word' id='word_1_4' title='bbox 267 263 324 324; x_wconf 93' lang='lat' dir='ltr'><strong>hoc</strong></span> <span class='ocrx_word' id='word_1_5' title='bbox 347 263 435 323; x_wconf 92' lang='lat' dir='ltr'><strong>modo</strong></span> <span class='ocrx_word' id='word_1_6' title='bbox 459 261 626 323; x_wconf 80' lang='lat' dir='ltr'>curabitur:</span> <span class='ocrx_word' id='word_1_7' title='bbox 659 260 816 342; x_wconf 81' lang='lat' dir='ltr'><strong>Butyrum,</strong></span> <span class='ocrx_word' id='word_1_8' title='bbox 843 261 977 321; x_wconf 80' lang='lat' dir='ltr'><strong>farinam</strong></span> <span class='ocrx_word' id='word_1_9' title='bbox 1004 261 1095 324; x_wconf 82' lang='lat' dir='ltr'><strong>fabae</strong></span> <span class='ocrx_word' id='word_1_10' title='bbox 1117 272 1143 325; x_wconf 91' lang='lat' dir='ltr'><strong>et</strong></span> 
     </span>
     <span class='ocr_line' id='line_1_3' title="bbox 118 349 1142 429; baseline -0.001 -16"><span class='ocrx_word' id='word_1_11' title='bbox 118 352 267 413; x_wconf 89' lang='lat' dir='ltr'><strong>modicum</strong></span> <span class='ocrx_word' id='word_1_12' title='bbox 296 351 391 412; x_wconf 89' lang='lat' dir='ltr'><strong>mellis</strong></span> <span class='ocrx_word' id='word_1_13' title='bbox 418 351 557 411; x_wconf 86' lang='lat' dir='ltr'><strong>miscebis</strong></span> <span class='ocrx_word' id='word_1_14' title='bbox 586 357 675 429; x_wconf 89' lang='lat' dir='ltr'><strong>atque</strong></span> <span class='ocrx_word' id='word_1_15' title='bbox 702 351 734 409; x_wconf 93' lang='lat' dir='ltr'><strong>in</strong></span> <span class='ocrx_word' id='word_1_16' title='bbox 762 349 883 410; x_wconf 92' lang='lat' dir='ltr'><strong>modum</strong></span> <span class='ocrx_word' id='word_1_17' title='bbox 912 350 1142 429; x_wconf 77' lang='lat' dir='ltr'><strong>cataplasmatis</strong></span> 
     </span>
     <span class='ocr_line' id='line_1_4' title="bbox 118 438 1141 520; baseline -0.001 -18"><span class='ocrx_word' id='word_1_18' title='bbox 118 460 229 520; x_wconf 91' lang='lat' dir='ltr'><strong>coques</strong></span> <span class='ocrx_word' id='word_1_19' title='bbox 257 449 288 502; x_wconf 93' lang='lat' dir='ltr'><strong>et</strong></span> <span class='ocrx_word' id='word_1_20' title='bbox 314 443 346 500; x_wconf 91' lang='lat' dir='ltr'><strong>in</strong></span> <span class='ocrx_word' id='word_1_21' title='bbox 373 439 494 500; x_wconf 88' lang='lat' dir='ltr'><strong>linteolo</strong></span> <span class='ocrx_word' id='word_1_22' title='bbox 522 439 629 499; x_wconf 87' lang='lat' dir='ltr'><strong>inlices</strong></span> <span class='ocrx_word' id='word_1_23' title='bbox 658 446 688 498; x_wconf 90' lang='lat' dir='ltr'><strong>et</strong></span> <span class='ocrx_word' id='word_1_24' title='bbox 711 439 754 498; x_wconf 89' lang='lat' dir='ltr'><strong>sic</strong></span> <span class='ocrx_word' id='word_1_25' title='bbox 777 438 814 498; x_wconf 89' lang='lat' dir='ltr'><strong>ad</strong></span> <span class='ocrx_word' id='word_1_26' title='bbox 836 438 937 498; x_wconf 89' lang='lat' dir='ltr'><strong>locum</strong></span> <span class='ocrx_word' id='word_1_27' title='bbox 963 439 1141 520; x_wconf 89' lang='lat' dir='ltr'><strong>adplicabis,</strong></span> 
     </span>
     <span class='ocr_line' id='line_1_5' title="bbox 118 528 613 604; baseline -0.01 -13"><span class='ocrx_word' id='word_1_28' title='bbox 118 533 228 591; x_wconf 90' lang='lat' dir='ltr'><strong>mirum</strong></span> <span class='ocrx_word' id='word_1_29' title='bbox 251 528 416 590; x_wconf 91' lang='lat' dir='ltr'><strong>remedium</strong></span> <span class='ocrx_word' id='word_1_30' title='bbox 440 529 613 604; x_wconf 83' lang='lat' dir='ltr'><strong>experieris.</strong></span> 
     </span>
    </p>

    <p class='ocr_par' dir='ltr' id='par_1_3' title="bbox 66 614 1159 871">
     <span class='ocr_line' id='line_1_6' title="bbox 66 614 1159 693; baseline -0.008 -12"><span class='ocrx_word' id='word_1_31' title='bbox 66 631 99 681; x_wconf 77' lang='lat'><strong>72</strong></span> <span class='ocrx_word' id='word_1_32' title='bbox 207 617 329 677; x_wconf 90' lang='lat' dir='ltr'><strong>Veretra</strong></span> <span class='ocrx_word' id='word_1_33' title='bbox 352 623 385 677; x_wconf 90' lang='lat' dir='ltr'><strong>ut</strong></span> <span class='ocrx_word' id='word_1_34' title='bbox 408 617 541 675; x_wconf 88' lang='lat' dir='ltr'><strong>auctiora</strong></span> <span class='ocrx_word' id='word_1_35' title='bbox 565 615 729 690; x_wconf 85' lang='lat' dir='ltr'><strong>videantur,</strong></span> <span class='ocrx_word' id='word_1_36' title='bbox 754 616 874 693; x_wconf 82' lang='lat' dir='ltr'><strong>panacis</strong></span> <span class='ocrx_word' id='word_1_37' title='bbox 897 614 990 675; x_wconf 86' lang='lat' dir='ltr'><strong>radix</strong></span> <span class='ocrx_word' id='word_1_38' title='bbox 1016 618 1051 677; x_wconf 91' lang='lat' dir='ltr'><strong>in</strong></span> <span class='ocrx_word' id='word_1_39' title='bbox 1076 619 1159 678; x_wconf 82' lang='lat' dir='ltr'><strong>rinos</strong></span> 
     </span>
     <span class='ocr_line' id='line_1_7' title="bbox 119 702 1142 783; baseline 0.001 -18"><span class='ocrx_word' id='word_1_40' title='bbox 119 705 196 766; x_wconf 90' lang='lat' dir='ltr'><strong>bono</strong></span> <span class='ocrx_word' id='word_1_41' title='bbox 220 705 319 765; x_wconf 92' lang='lat' dir='ltr'><strong>triduo</strong></span> <span class='ocrx_word' id='word_1_42' title='bbox 343 711 512 764; x_wconf 80' lang='lat' dir='ltr'><strong>maceratur</strong></span> <span class='ocrx_word' id='word_1_43' title='bbox 535 721 663 783; x_wconf 91' lang='lat' dir='ltr'><strong>cumque</strong></span> <span class='ocrx_word' id='word_1_44' title='bbox 687 702 854 763; x_wconf 90' lang='lat' dir='ltr'><strong>coeundum</strong></span> <span class='ocrx_word' id='word_1_45' title='bbox 878 710 934 776; x_wconf 89' lang='lat' dir='ltr'><strong>est,</strong></span> <span class='ocrx_word' id='word_1_46' title='bbox 960 703 1080 765; x_wconf 80' lang='lat' dir='ltr'><strong>femori</strong></span> <span class='ocrx_word' id='word_1_47' title='bbox 1104 708 1142 766; x_wconf 92' lang='lat' dir='ltr'><strong>iu·</strong></span> 
     </span>
     <span class='ocr_line' id='line_1_8' title="bbox 119 789 1142 871; baseline 0.003 -19"><span class='ocrx_word' id='word_1_48' title='bbox 119 793 237 871; x_wconf 90' lang='lat' dir='ltr'><strong>ligatur,</strong></span> <span class='ocrx_word' id='word_1_49' title='bbox 255 810 288 852; x_wconf 90' lang='lat' dir='ltr'><strong>re</strong></span> <span class='ocrx_word' id='word_1_50' title='bbox 307 799 426 870; x_wconf 91' lang='lat' dir='ltr'><strong>peracta</strong></span> <span class='ocrx_word' id='word_1_51' title='bbox 440 793 471 851; x_wconf 92' lang='lat' dir='ltr'><strong>iu</strong></span> <span class='ocrx_word' id='word_1_52' title='bbox 487 793 553 851; x_wconf 89' lang='lat' dir='ltr'><strong>vino</strong></span> <span class='ocrx_word' id='word_1_53' title='bbox 568 793 699 870; x_wconf 90' lang='lat' dir='ltr'><strong>reposita</strong></span> <span class='ocrx_word' id='word_1_54' title='bbox 713 791 819 852; x_wconf 91' lang='lat' dir='ltr'><strong>iisdem</strong></span> <span class='ocrx_word' id='word_1_55' title='bbox 832 789 938 851; x_wconf 88' lang='lat' dir='ltr'><strong>usibus</strong></span> <span class='ocrx_word' id='word_1_56' title='bbox 954 801 1142 855; x_wconf 88' lang='lat' dir='ltr'><strong>reservatur.</strong></span> 
     </span>
    </p>

    <p class='ocr_par' dir='ltr' id='par_1_4' title="bbox 67 878 1170 1136">
     <span class='ocr_line' id='line_1_9' title="bbox 67 878 1143 960; baseline 0 -16"><span class='ocrx_word' id='word_1_57' title='bbox 67 894 100 944; x_wconf 77' lang='lat'><strong>78</strong></span> <span class='ocrx_word' id='word_1_58' title='bbox 209 878 248 940; x_wconf 90' lang='lat' dir='ltr'><strong>Ut</strong></span> <span class='ocrx_word' id='word_1_59' title='bbox 271 897 389 959; x_wconf 84' lang='lat' dir='ltr'><strong>semper</strong></span> <span class='ocrx_word' id='word_1_60' title='bbox 412 882 453 940; x_wconf 91' lang='lat' dir='ltr'><strong>sis</strong></span> <span class='ocrx_word' id='word_1_61' title='bbox 476 889 597 958; x_wconf 89' lang='lat' dir='ltr'><strong>paratus</strong></span> <span class='ocrx_word' id='word_1_62' title='bbox 620 883 651 940; x_wconf 92' lang='lat' dir='ltr'><strong>iu</strong></span> <span class='ocrx_word' id='word_1_63' title='bbox 674 897 823 960; x_wconf 86' lang='lat' dir='ltr'><strong>venerem,</strong></span> <span class='ocrx_word' id='word_1_64' title='bbox 848 881 932 958; x_wconf 90' lang='lat' dir='ltr'><strong>porri</strong></span> <span class='ocrx_word' id='word_1_65' title='bbox 956 899 1070 943; x_wconf 90' lang='lat' dir='ltr'><strong>semen</strong></span> <span class='ocrx_word' id='word_1_66' title='bbox 1095 884 1143 944; x_wconf 86' lang='lat' dir='ltr'><strong>tri·</strong></span> 
     </span>
     <span class='ocr_line' id='line_1_10' title="bbox 120 966 1142 1047; baseline 0.002 -18"><span class='ocrx_word' id='word_1_67' title='bbox 120 976 184 1028; x_wconf 90' lang='lat' dir='ltr'><strong>tum</strong></span> <span class='ocrx_word' id='word_1_68' title='bbox 208 976 239 1029; x_wconf 92' lang='lat' dir='ltr'><strong>et</strong></span> <span class='ocrx_word' id='word_1_69' title='bbox 261 977 346 1029; x_wconf 90' lang='lat' dir='ltr'><strong>rutae</strong></span> <span class='ocrx_word' id='word_1_70' title='bbox 370 987 472 1029; x_wconf 91' lang='lat' dir='ltr'><strong>semen</strong></span> <span class='ocrx_word' id='word_1_71' title='bbox 496 971 600 1029; x_wconf 91' lang='lat' dir='ltr'><strong>tritum</strong></span> <span class='ocrx_word' id='word_1_72' title='bbox 623 970 726 1047; x_wconf 87' lang='lat' dir='ltr'><strong>aequis</strong></span> <span class='ocrx_word' id='word_1_73' title='bbox 744 966 934 1047; x_wconf 89' lang='lat' dir='ltr'><strong>portionibus</strong></span> <span class='ocrx_word' id='word_1_74' title='bbox 952 971 1057 1032; x_wconf 87' lang='lat' dir='ltr'><strong>misce</strong></span> <span class='ocrx_word' id='word_1_75' title='bbox 1079 988 1142 1033; x_wconf 89' lang='lat' dir='ltr'><strong>cum</strong></span> 
     </span>
     <span class='ocr_line' id='line_1_11' title="bbox 119 1055 1170 1136; baseline -0.004 -20"><span class='ocrx_word' id='word_1_76' title='bbox 119 1056 195 1118; x_wconf 91' lang='lat' dir='ltr'><strong>lacte</strong></span> <span class='ocrx_word' id='word_1_77' title='bbox 221 1075 352 1136; x_wconf 91' lang='lat' dir='ltr'><strong>capruno</strong></span> <span class='ocrx_word' id='word_1_78' title='bbox 376 1059 490 1118; x_wconf 88' lang='lat' dir='ltr'><strong>recenti</strong></span> <span class='ocrx_word' id='word_1_79' title='bbox 513 1065 543 1118; x_wconf 90' lang='lat' dir='ltr'><strong>et</strong></span> <span class='ocrx_word' id='word_1_80' title='bbox 566 1058 684 1118; x_wconf 91' lang='lat' dir='ltr'><strong>ieiunus</strong></span> <span class='ocrx_word' id='word_1_81' title='bbox 708 1056 832 1118; x_wconf 87' lang='lat' dir='ltr'><strong>adsidue</strong></span> <span class='ocrx_word' id='word_1_82' title='bbox 855 1055 934 1118; x_wconf 91' lang='lat' dir='ltr'><strong>bibe.</strong></span> <span class='ocrx_word' id='word_1_83' title='bbox 1153 1072 1170 1112; x_wconf 89' lang='lat' dir='ltr'><strong>u</strong></span> 
     </span>
    </p>
   </div>
   <div class='ocr_carea' id='block_1_3' title="bbox 504 1249 749 1312">
    <p class='ocr_par' dir='ltr' id='par_1_5' title="bbox 504 1249 749 1312">
     <span class='ocr_line' id='line_1_12' title="bbox 504 1249 749 1312; baseline 0 -1"><span class='ocrx_word' id='word_1_84' title='bbox 504 1250 583 1312; x_wconf 75' lang='lat' dir='ltr'><strong>cir.</strong></span> <span class='ocrx_word' id='word_1_85' title='bbox 606 1249 749 1311; x_wconf 84' lang='lat' dir='ltr'><strong>XXXllll.</strong></span> 
     </span>
    </p>
   </div>
   <div class='ocr_carea' id='block_1_4' title="bbox 119 1361 1142 1963">
    <p class='ocr_par' dir='ltr' id='par_1_6' title="bbox 119 1361 1142 1963">
     <span class='ocr_line' id='line_1_13' title="bbox 120 1361 1142 1420; baseline 0.002 -1"><span class='ocrx_word' id='word_1_86' title='bbox 120 1363 283 1419; x_wconf 78' lang='lat' dir='ltr'><strong>Genuum</strong></span> <span class='ocrx_word' id='word_1_87' title='bbox 306 1362 483 1419; x_wconf 85' lang='lat' dir='ltr'><strong>doloribus</strong></span> <span class='ocrx_word' id='word_1_88' title='bbox 506 1365 541 1419; x_wconf 85' lang='lat' dir='ltr'><strong>et</strong></span> <span class='ocrx_word' id='word_1_89' title='bbox 559 1375 700 1418; x_wconf 88' lang='lat' dir='ltr'><strong>crurum</strong></span> <span class='ocrx_word' id='word_1_90' title='bbox 718 1375 758 1418; x_wconf 87' lang='lat' dir='ltr'><strong>ac</strong></span> <span class='ocrx_word' id='word_1_91' title='bbox 775 1361 940 1417; x_wconf 85' lang='lat' dir='ltr'><strong>tibiarum</strong></span> <span class='ocrx_word' id='word_1_92' title='bbox 958 1361 1142 1420; x_wconf 80' lang='lat' dir='ltr'><strong>ulceribus</strong></span> 
     </span>
     <span class='ocr_line' id='line_1_14' title="bbox 120 1449 1141 1520; baseline 0.003 -14"><span class='ocrx_word' id='word_1_93' title='bbox 120 1454 155 1507; x_wconf 85' lang='lat' dir='ltr'><strong>et</strong></span> <span class='ocrx_word' id='word_1_94' title='bbox 173 1451 344 1507; x_wconf 87' lang='lat' dir='ltr'><strong>varicibus</strong></span> <span class='ocrx_word' id='word_1_95' title='bbox 362 1453 396 1507; x_wconf 85' lang='lat' dir='ltr'><strong>et</strong></span> <span class='ocrx_word' id='word_1_96' title='bbox 415 1450 509 1506; x_wconf 89' lang='lat' dir='ltr'><strong>callis</strong></span> <span class='ocrx_word' id='word_1_97' title='bbox 528 1452 658 1520; x_wconf 88' lang='lat' dir='ltr'><strong>pedum</strong></span> <span class='ocrx_word' id='word_1_98' title='bbox 675 1453 780 1520; x_wconf 81' lang='lat' dir='ltr'><strong>atque</strong></span> <span class='ocrx_word' id='word_1_99' title='bbox 800 1449 904 1506; x_wconf 86' lang='lat' dir='ltr'><strong>clavis</strong></span> <span class='ocrx_word' id='word_1_100' title='bbox 923 1452 960 1504; x_wconf 84' lang='lat' dir='ltr'><strong>et</strong></span> <span class='ocrx_word' id='word_1_101' title='bbox 982 1452 1141 1509; x_wconf 87' lang='lat' dir='ltr'><strong>verrucis</strong></span> 
     </span>
     <span class='ocr_line' id='line_1_15' title="bbox 120 1537 1141 1612; baseline 0.001 -16"><span class='ocrx_word' id='word_1_102' title='bbox 120 1542 155 1596; x_wconf 85' lang='lat' dir='ltr'><strong>et</strong></span> <span class='ocrx_word' id='word_1_103' title='bbox 181 1539 307 1609; x_wconf 86' lang='lat' dir='ltr'><strong>plantis</strong></span> <span class='ocrx_word' id='word_1_104' title='bbox 335 1541 370 1595; x_wconf 81' lang='lat' dir='ltr'><strong>et</strong></span> <span class='ocrx_word' id='word_1_105' title='bbox 396 1538 578 1608; x_wconf 88' lang='lat' dir='ltr'><strong>pollicibus</strong></span> <span class='ocrx_word' id='word_1_106' title='bbox 606 1541 640 1595; x_wconf 83' lang='lat' dir='ltr'><strong>et</strong></span> <span class='ocrx_word' id='word_1_107' title='bbox 662 1539 743 1594; x_wconf 83' lang='lat' dir='ltr'><strong>talis</strong></span> <span class='ocrx_word' id='word_1_108' title='bbox 766 1541 801 1594; x_wconf 81' lang='lat' dir='ltr'><strong>et</strong></span> <span class='ocrx_word' id='word_1_109' title='bbox 824 1537 978 1594; x_wconf 80' lang='lat' dir='ltr'><strong>articulis</strong></span> <span class='ocrx_word' id='word_1_110' title='bbox 1005 1543 1045 1596; x_wconf 83' lang='lat' dir='ltr'><strong>et</strong></span> <span class='ocrx_word' id='word_1_111' title='bbox 1068 1555 1141 1612; x_wconf 89' lang='lat' dir='ltr'><strong>per·</strong></span> 
     </span>
     <span class='ocr_line' id='line_1_16' title="bbox 119 1625 1140 1697; baseline 0.002 -15"><span class='ocrx_word' id='word_1_112' title='bbox 119 1627 280 1683; x_wconf 88' lang='lat' dir='ltr'><strong>nionibus</strong></span> <span class='ocrx_word' id='word_1_113' title='bbox 298 1630 334 1682; x_wconf 83' lang='lat' dir='ltr'><strong>et</strong></span> <span class='ocrx_word' id='word_1_114' title='bbox 351 1627 461 1697; x_wconf 86' lang='lat' dir='ltr'><strong>ruptis</strong></span> <span class='ocrx_word' id='word_1_115' title='bbox 475 1626 621 1696; x_wconf 88' lang='lat' dir='ltr'><strong>pedibus</strong></span> <span class='ocrx_word' id='word_1_116' title='bbox 635 1629 671 1682; x_wconf 84' lang='lat' dir='ltr'><strong>et</strong></span> <span class='ocrx_word' id='word_1_117' title='bbox 685 1625 933 1696; x_wconf 75' lang='lat' dir='ltr'><strong>condylomatis</strong></span> <span class='ocrx_word' id='word_1_118' title='bbox 947 1641 1140 1686; x_wconf 87' lang='lat' dir='ltr'><strong>nervorum</strong></span> 
     </span>
     <span class='ocr_line' id='line_1_17' title="bbox 120 1716 1140 1786; baseline 0.003 -14"><span class='ocrx_word' id='word_1_119' title='bbox 120 1718 224 1786; x_wconf 81' lang='lat' dir='ltr'><strong>atque</strong></span> <span class='ocrx_word' id='word_1_120' title='bbox 248 1716 472 1772; x_wconf 85' lang='lat' dir='ltr'><strong>articulorum</strong></span> <span class='ocrx_word' id='word_1_121' title='bbox 494 1717 529 1771; x_wconf 83' lang='lat' dir='ltr'><strong>et</strong></span> <span class='ocrx_word' id='word_1_122' title='bbox 547 1716 593 1770; x_wconf 88' lang='lat' dir='ltr'><strong>ad</strong></span> <span class='ocrx_word' id='word_1_123' title='bbox 611 1716 833 1784; x_wconf 86' lang='lat' dir='ltr'><strong>extrahenda,</strong></span> <span class='ocrx_word' id='word_1_124' title='bbox 856 1728 947 1785; x_wconf 84' lang='lat' dir='ltr'><strong>quae</strong></span> <span class='ocrx_word' id='word_1_125' title='bbox 966 1727 1057 1774; x_wconf 87' lang='lat' dir='ltr'><strong>casu</strong></span> <span class='ocrx_word' id='word_1_126' title='bbox 1077 1718 1140 1775; x_wconf 90' lang='lat' dir='ltr'><strong>cal·</strong></span> 
     </span>
     <span class='ocr_line' id='line_1_18' title="bbox 121 1802 1139 1875; baseline 0.001 -14"><span class='ocrx_word' id='word_1_127' title='bbox 121 1807 196 1861; x_wconf 82' lang='lat' dir='ltr'><strong>cata</strong></span> <span class='ocrx_word' id='word_1_128' title='bbox 223 1804 351 1861; x_wconf 80' lang='lat' dir='ltr'><strong>fuerint</strong></span> <span class='ocrx_word' id='word_1_129' title='bbox 377 1804 433 1861; x_wconf 88' lang='lat' dir='ltr'><strong>vel</strong></span> <span class='ocrx_word' id='word_1_130' title='bbox 460 1818 548 1875; x_wconf 86' lang='lat' dir='ltr'><strong>quae</strong></span> <span class='ocrx_word' id='word_1_131' title='bbox 577 1803 709 1874; x_wconf 84' lang='lat' dir='ltr'><strong>corpori</strong></span> <span class='ocrx_word' id='word_1_132' title='bbox 736 1802 956 1870; x_wconf 75' lang='lat' dir='ltr'><strong>inhaeserint,</strong></span> <span class='ocrx_word' id='word_1_133' title='bbox 984 1806 1139 1863; x_wconf 81' lang='lat' dir='ltr'><strong>remedie</strong></span> 
     </span>
     <span class='ocr_line' id='line_1_19' title="bbox 165 1891 1101 1963; baseline 0.005 -15"><span class='ocrx_word' id='word_1_134' title='bbox 165 1893 305 1963; x_wconf 82' lang='lat' dir='ltr'><strong>physica</strong></span> <span class='ocrx_word' id='word_1_135' title='bbox 328 1895 362 1950; x_wconf 82' lang='lat' dir='ltr'><strong>et</strong></span> <span class='ocrx_word' id='word_1_136' title='bbox 383 1892 596 1950; x_wconf 79' lang='lat' dir='ltr'><strong>rationabilia</strong></span> <span class='ocrx_word' id='word_1_137' title='bbox 619 1892 751 1948; x_wconf 87' lang='lat' dir='ltr'><strong>diversa</strong></span> <span class='ocrx_word' id='word_1_138' title='bbox 774 1893 817 1948; x_wconf 87' lang='lat' dir='ltr'><strong>de</strong></span> <span class='ocrx_word' id='word_1_139' title='bbox 841 1891 1101 1962; x_wconf 82' lang='lat' dir='ltr'><strong>experimentis.</strong></span> 
     </span>
    </p>
   </div>
   <div class='ocr_carea' id='block_1_5' title="bbox 85 2027 1171 3079">
    <p class='ocr_par' dir='ltr' id='par_1_7' title="bbox 85 2027 1171 3079">
     <span class='ocr_line' id='line_1_20' title="bbox 87 2027 1137 2106; baseline 0.003 -17"><span class='ocrx_word' id='word_1_140' title='bbox 87 2041 100 2089; x_wconf 94' lang='lat'>1</span> <span class='ocrx_word' id='word_1_141' title='bbox 210 2029 347 2090; x_wconf 88' lang='lat' dir='ltr'><strong>Genuum</strong></span> <span class='ocrx_word' id='word_1_142' title='bbox 370 2028 466 2089; x_wconf 93' lang='lat' dir='ltr'><strong>dolori</strong></span> <span class='ocrx_word' id='word_1_143' title='bbox 489 2047 611 2090; x_wconf 90' lang='lat' dir='ltr'><strong>museus</strong></span> <span class='ocrx_word' id='word_1_144' title='bbox 634 2047 671 2087; x_wconf 83' lang='lat' dir='ltr'><strong>ex</strong></span> <span class='ocrx_word' id='word_1_145' title='bbox 689 2029 803 2106; x_wconf 91' lang='lat' dir='ltr'><strong>piscina</strong></span> <span class='ocrx_word' id='word_1_146' title='bbox 821 2028 867 2087; x_wconf 88' lang='lat' dir='ltr'><strong>vel</strong></span> <span class='ocrx_word' id='word_1_147' title='bbox 886 2027 993 2088; x_wconf 89' lang='lat' dir='ltr'><strong>lacuna</strong></span> <span class='ocrx_word' id='word_1_148' title='bbox 1012 2030 1063 2090; x_wconf 89' lang='lat' dir='ltr'><strong>vel</strong></span> <span class='ocrx_word' id='word_1_149' title='bbox 1083 2042 1137 2092; x_wconf 90' lang='lat' dir='ltr'><strong>sta·</strong></span> 
     </span>
     <span class='ocr_line' id='line_1_21' title="bbox 122 2111 1137 2197; baseline 0 -19"><span class='ocrx_word' id='word_1_150' title='bbox 122 2136 179 2196; x_wconf 89' lang='lat' dir='ltr'><strong>gno</strong></span> <span class='ocrx_word' id='word_1_151' title='bbox 209 2111 351 2178; x_wconf 90' lang='lat' dir='ltr'><strong>collectus</strong></span> <span class='ocrx_word' id='word_1_152' title='bbox 380 2116 494 2178; x_wconf 89' lang='lat' dir='ltr'><strong>adiecto</strong></span> <span class='ocrx_word' id='word_1_153' title='bbox 523 2116 641 2195; x_wconf 93' lang='lat' dir='ltr'><strong>paululo</strong></span> <span class='ocrx_word' id='word_1_154' title='bbox 672 2115 742 2176; x_wconf 90' lang='lat' dir='ltr'><strong>salis</strong></span> <span class='ocrx_word' id='word_1_155' title='bbox 766 2115 907 2176; x_wconf 90' lang='lat' dir='ltr'><strong>subactus</strong></span> <span class='ocrx_word' id='word_1_156' title='bbox 931 2123 962 2176; x_wconf 91' lang='lat' dir='ltr'><strong>et</strong></span> <span class='ocrx_word' id='word_1_157' title='bbox 985 2118 1137 2197; x_wconf 90' lang='lat' dir='ltr'><strong>inpositus</strong></span> 
     </span>
     <span class='ocr_line' id='line_1_22' title="bbox 86 2203 1136 2285; baseline 0.003 -19"><span class='ocrx_word' id='word_1_158' title='bbox 86 2217 102 2265; x_wconf 82' lang='lat'><strong>2</strong></span> <span class='ocrx_word' id='word_1_159' title='bbox 121 2207 251 2285; x_wconf 91' lang='lat' dir='ltr'><strong>prodest.</strong></span> <span class='ocrx_word' id='word_1_160' title='bbox 288 2205 422 2266; x_wconf 91' lang='lat' dir='ltr'><strong>lledcrae</strong></span> <span class='ocrx_word' id='word_1_161' title='bbox 446 2207 548 2283; x_wconf 83' lang='lat' dir='ltr'><strong>nigrae</strong></span> <span class='ocrx_word' id='word_1_162' title='bbox 571 2205 711 2265; x_wconf 90' lang='lat' dir='ltr'><strong>bacarum</strong></span> <span class='ocrx_word' id='word_1_163' title='bbox 734 2203 861 2284; x_wconf 90' lang='lat' dir='ltr'><strong>hemina,</strong></span> <span class='ocrx_word' id='word_1_164' title='bbox 884 2205 959 2265; x_wconf 84' lang='lat' dir='ltr'><strong>ficus</strong></span> <span class='ocrx_word' id='word_1_165' title='bbox 978 2205 1136 2268; x_wconf 79' lang='lat' dir='ltr'><strong>Africanae</strong></span> 
     </span>
     <span class='ocr_line' id='line_1_23' title="bbox 121 2292 1136 2373; baseline 0.003 -20"><span class='ocrx_word' id='word_1_166' title='bbox 121 2293 152 2354; x_wconf 91' lang='lat' dir='ltr'><strong>P.</strong></span> <span class='ocrx_word' id='word_1_167' title='bbox 172 2294 198 2373; x_wconf 94' lang='lat' dir='ltr'><strong>l,</strong></span> <span class='ocrx_word' id='word_1_168' title='bbox 226 2295 370 2371; x_wconf 81' lang='lat' dir='ltr'><strong>axungiae</strong></span> <span class='ocrx_word' id='word_1_169' title='bbox 396 2325 434 2334; x_wconf 95' lang='lat'><em>-</em></span> <span class='ocrx_word' id='word_1_170' title='bbox 455 2292 489 2352; x_wconf 87' lang='lat' dir='ltr'><strong>X.</strong></span> <span class='ocrx_word' id='word_1_171' title='bbox 531 2292 660 2352; x_wconf 83' lang='lat' dir='ltr'><strong>Contusa</strong></span> <span class='ocrx_word' id='word_1_172' title='bbox 688 2292 761 2354; x_wconf 92' lang='lat' dir='ltr'><strong>baec</strong></span> <span class='ocrx_word' id='word_1_173' title='bbox 790 2302 820 2354; x_wconf 92' lang='lat' dir='ltr'><strong>et</strong></span> <span class='ocrx_word' id='word_1_174' title='bbox 847 2311 915 2354; x_wconf 91' lang='lat' dir='ltr'><strong>cum</strong></span> <span class='ocrx_word' id='word_1_175' title='bbox 938 2293 1010 2353; x_wconf 89' lang='lat' dir='ltr'><strong>rino</strong></span> <span class='ocrx_word' id='word_1_176' title='bbox 1035 2304 1136 2356; x_wconf 87' lang='lat' dir='ltr'><strong>vetere</strong></span> 
     </span>
     <span class='ocr_line' id='line_1_24' title="bbox 122 2378 1169 2458; baseline 0.005 -19"><span class='ocrx_word' id='word_1_177' title='bbox 122 2380 245 2440; x_wconf 90' lang='lat' dir='ltr'><strong>subacta</strong></span> <span class='ocrx_word' id='word_1_178' title='bbox 268 2378 394 2457; x_wconf 81' lang='lat' dir='ltr'><strong>genibus</strong></span> <span class='ocrx_word' id='word_1_179' title='bbox 417 2379 500 2439; x_wconf 91' lang='lat' dir='ltr'><strong>inlita</strong></span> <span class='ocrx_word' id='word_1_180' title='bbox 523 2386 662 2458; x_wconf 92' lang='lat' dir='ltr'><strong>potenter</strong></span> <span class='ocrx_word' id='word_1_181' title='bbox 684 2380 802 2442; x_wconf 91' lang='lat' dir='ltr'><strong>dolores</strong></span> <span class='ocrx_word' id='word_1_182' title='bbox 826 2399 929 2442; x_wconf 91' lang='lat' dir='ltr'><strong>eorum</strong></span> <span class='ocrx_word' id='word_1_183' title='bbox 952 2381 1087 2445; x_wconf 89' lang='lat' dir='ltr'><strong>abolent.</strong></span> <span class='ocrx_word' id='word_1_184' title='bbox 1148 2391 1169 2433; x_wconf 71' lang='lat'><strong>1⁵</strong></span> 
     </span>
     <span class='ocr_line' id='line_1_25' title="bbox 86 2466 1136 2549; baseline 0.005 -21"><span class='ocrx_word' id='word_1_185' title='bbox 86 2479 102 2528; x_wconf 84' lang='grc'>3</span> <span class='ocrx_word' id='word_1_186' title='bbox 211 2467 313 2527; x_wconf 88' lang='lat' dir='ltr'><strong>Genua</strong></span> <span class='ocrx_word' id='word_1_187' title='bbox 337 2469 363 2527; x_wconf 93' lang='lat' dir='ltr'><strong>si</strong></span> <span class='ocrx_word' id='word_1_188' title='bbox 385 2466 544 2528; x_wconf 87' lang='lat' dir='ltr'><strong>tumebunt</strong></span> <span class='ocrx_word' id='word_1_189' title='bbox 562 2466 608 2527; x_wconf 88' lang='lat' dir='ltr'><strong>rel</strong></span> <span class='ocrx_word' id='word_1_190' title='bbox 631 2468 778 2530; x_wconf 90' lang='lat' dir='ltr'><strong>instabilia</strong></span> <span class='ocrx_word' id='word_1_191' title='bbox 801 2479 898 2549; x_wconf 88' lang='lat' dir='ltr'><strong>eruut,</strong></span> <span class='ocrx_word' id='word_1_192' title='bbox 921 2469 1070 2532; x_wconf 88' lang='lat' dir='ltr'><strong>alrcnitra</strong></span> <span class='ocrx_word' id='word_1_193' title='bbox 1089 2491 1136 2533; x_wconf 90' lang='lat' dir='ltr'><strong>co-</strong></span> 
     </span>
     <span class='ocr_line' id='line_1_26' title="bbox 121 2554 1136 2635; baseline 0.006 -21"><span class='ocrx_word' id='word_1_194' title='bbox 121 2556 204 2634; x_wconf 90' lang='lat' dir='ltr'><strong>piosa</strong></span> <span class='ocrx_word' id='word_1_195' title='bbox 226 2557 257 2615; x_wconf 94' lang='lat' dir='ltr'><strong>in</strong></span> <span class='ocrx_word' id='word_1_196' title='bbox 280 2573 368 2634; x_wconf 93' lang='lat' dir='ltr'><strong>passo</strong></span> <span class='ocrx_word' id='word_1_197' title='bbox 392 2554 508 2616; x_wconf 85' lang='lat' dir='ltr'><strong>Cretico</strong></span> <span class='ocrx_word' id='word_1_198' title='bbox 532 2556 702 2635; x_wconf 81' lang='lat' dir='ltr'><strong>confringes</strong></span> <span class='ocrx_word' id='word_1_199' title='bbox 726 2566 755 2618; x_wconf 92' lang='lat' dir='ltr'><strong>et</strong></span> <span class='ocrx_word' id='word_1_200' title='bbox 776 2558 939 2619; x_wconf 81' lang='lat' dir='ltr'><strong>madefacta</strong></span> <span class='ocrx_word' id='word_1_201' title='bbox 958 2561 1136 2622; x_wconf 90' lang='lat' dir='ltr'><strong>conminues</strong></span> 
     </span>
     <span class='ocr_line' id='line_1_27' title="bbox 121 2643 1135 2726; baseline 0.004 -22"><span class='ocrx_word' id='word_1_202' title='bbox 121 2643 228 2723; x_wconf 87' lang='lat' dir='ltr'><strong>hisque</strong></span> <span class='ocrx_word' id='word_1_203' title='bbox 257 2643 348 2705; x_wconf 92' lang='lat' dir='ltr'><strong>addes</strong></span> <span class='ocrx_word' id='word_1_204' title='bbox 375 2644 470 2705; x_wconf 91' lang='lat' dir='ltr'><strong>lanam</strong></span> <span class='ocrx_word' id='word_1_205' title='bbox 495 2644 628 2706; x_wconf 91' lang='lat' dir='ltr'><strong>sucidam</strong></span> <span class='ocrx_word' id='word_1_206' title='bbox 651 2654 681 2706; x_wconf 90' lang='lat' dir='ltr'><strong>et</strong></span> <span class='ocrx_word' id='word_1_207' title='bbox 704 2646 829 2724; x_wconf 91' lang='lat' dir='ltr'><strong>genibus</strong></span> <span class='ocrx_word' id='word_1_208' title='bbox 852 2648 1015 2726; x_wconf 90' lang='lat' dir='ltr'><strong>inpositam</strong></span> <span class='ocrx_word' id='word_1_209' title='bbox 1038 2665 1135 2726; x_wconf 92' lang='lat' dir='ltr'><strong>panno</strong></span> 
     </span>
     <span class='ocr_line' id='line_1_28' title="bbox 121 2732 1135 2817; baseline 0.004 -23"><span class='ocrx_word' id='word_1_210' title='bbox 121 2741 261 2813; x_wconf 88' lang='lat' dir='ltr'><strong>conteges</strong></span> <span class='ocrx_word' id='word_1_211' title='bbox 285 2741 315 2794; x_wconf 91' lang='lat' dir='ltr'><strong>et</strong></span> <span class='ocrx_word' id='word_1_212' title='bbox 338 2732 470 2813; x_wconf 91' lang='lat' dir='ltr'><strong>alligabis</strong></span> <span class='ocrx_word' id='word_1_213' title='bbox 494 2741 524 2794; x_wconf 92' lang='lat' dir='ltr'><strong>et</strong></span> <span class='ocrx_word' id='word_1_214' title='bbox 547 2753 584 2794; x_wconf 90' lang='lat' dir='ltr'><strong>ne</strong></span> <span class='ocrx_word' id='word_1_215' title='bbox 609 2752 699 2795; x_wconf 89' lang='lat' dir='ltr'><strong>sucus</strong></span> <span class='ocrx_word' id='word_1_216' title='bbox 718 2742 843 2817; x_wconf 85' lang='lat' dir='ltr'><strong>emanet,</strong></span> <span class='ocrx_word' id='word_1_217' title='bbox 867 2734 1036 2814; x_wconf 89' lang='lat' dir='ltr'><strong>pelliculam</strong></span> <span class='ocrx_word' id='word_1_218' title='bbox 1057 2736 1135 2798; x_wconf 91' lang='lat' dir='ltr'><strong>laua-</strong></span> 
     </span>
     <span class='ocr_line' id='line_1_29' title="bbox 121 2831 1171 2902; baseline 0.002 -19"><span class='ocrx_word' id='word_1_219' title='bbox 121 2831 182 2884; x_wconf 92' lang='lat' dir='ltr'><strong>tam</strong></span> <span class='ocrx_word' id='word_1_220' title='bbox 205 2841 398 2902; x_wconf 89' lang='lat' dir='ltr'><strong>superpones.</strong></span> <span class='ocrx_word' id='word_1_221' title='bbox 1148 2833 1171 2875; x_wconf 73' lang='lat'><strong>²⁰</strong></span> 
     </span>
     <span class='ocr_line' id='line_1_30' title="bbox 85 2910 1138 2992; baseline 0.003 -22"><span class='ocrx_word' id='word_1_222' title='bbox 85 2922 103 2970; x_wconf 82' lang='lat'>4</span> <span class='ocrx_word' id='word_1_223' title='bbox 210 2911 366 2973; x_wconf 91' lang='lat' dir='ltr'><strong>Ulceribus</strong></span> <span class='ocrx_word' id='word_1_224' title='bbox 394 2930 516 2972; x_wconf 90' lang='lat' dir='ltr'><strong>crurum</strong></span> <span class='ocrx_word' id='word_1_225' title='bbox 544 2919 574 2972; x_wconf 94' lang='lat' dir='ltr'><strong>et</strong></span> <span class='ocrx_word' id='word_1_226' title='bbox 604 2910 744 2971; x_wconf 91' lang='lat' dir='ltr'><strong>tibiarum</strong></span> <span class='ocrx_word' id='word_1_227' title='bbox 777 2911 914 2972; x_wconf 88' lang='lat' dir='ltr'><strong>medetur</strong></span> <span class='ocrx_word' id='word_1_228' title='bbox 946 2911 1040 2992; x_wconf 93' lang='lat' dir='ltr'><strong>adeps</strong></span> <span class='ocrx_word' id='word_1_229' title='bbox 1074 2914 1138 2975; x_wconf 90' lang='lat' dir='ltr'><strong>ursi</strong></span> 
     </span>
     <span class='ocr_line' id='line_1_31' title="bbox 122 2999 1136 3079; baseline 0.002 -17"><span class='ocrx_word' id='word_1_230' title='bbox 122 3019 190 3062; x_wconf 89' lang='lat' dir='ltr'><strong>cum</strong></span> <span class='ocrx_word' id='word_1_231' title='bbox 213 3000 304 3060; x_wconf 91' lang='lat' dir='ltr'><strong>herba</strong></span> <span class='ocrx_word' id='word_1_232' title='bbox 328 3000 477 3062; x_wconf 89' lang='lat' dir='ltr'><strong>rubricata</strong></span> <span class='ocrx_word' id='word_1_233' title='bbox 501 3008 603 3079; x_wconf 84' lang='lat' dir='ltr'><strong>tunsa3</strong></span> <span class='ocrx_word' id='word_1_234' title='bbox 627 3017 695 3059; x_wconf 90' lang='lat' dir='ltr'><strong>cum</strong></span> <span class='ocrx_word' id='word_1_235' title='bbox 719 2999 791 3060; x_wconf 92' lang='lat' dir='ltr'><strong>haec</strong></span> <span class='ocrx_word' id='word_1_236' title='bbox 815 3017 885 3078; x_wconf 90' lang='lat' dir='ltr'><strong>ergo</strong></span> <span class='ocrx_word' id='word_1_237' title='bbox 905 3002 1051 3063; x_wconf 91' lang='lat' dir='ltr'><strong>inunum</strong></span> <span class='ocrx_word' id='word_1_238' title='bbox 1072 3020 1136 3064; x_wconf 89' lang='lat' dir='ltr'><strong>ccr-</strong></span> 
     </span>
    </p>
   </div>
   <div class='ocr_carea' id='block_1_6' title="bbox 87 3086 1140 3258">
    <p class='ocr_par' dir='ltr' id='par_1_8' title="bbox 87 3086 1140 3258">
     <span class='ocr_line' id='line_1_32' title="bbox 122 3086 1138 3170; baseline 0.003 -21"><span class='ocrx_word' id='word_1_239' title='bbox 122 3106 179 3167; x_wconf 92' lang='lat' dir='ltr'><strong>pus</strong></span> <span class='ocrx_word' id='word_1_240' title='bbox 203 3089 325 3149; x_wconf 90' lang='lat' dir='ltr'><strong>subacta</strong></span> <span class='ocrx_word' id='word_1_241' title='bbox 347 3091 487 3169; x_wconf 86' lang='lat' dir='ltr'><strong>coierint,</strong></span> <span class='ocrx_word' id='word_1_242' title='bbox 514 3089 643 3166; x_wconf 90' lang='lat' dir='ltr'><strong>inposita</strong></span> <span class='ocrx_word' id='word_1_243' title='bbox 666 3086 746 3148; x_wconf 89' lang='lat' dir='ltr'><strong>velut</strong></span> <span class='ocrx_word' id='word_1_244' title='bbox 769 3088 962 3168; x_wconf 89' lang='lat' dir='ltr'><strong>emplastrum</strong></span> <span class='ocrx_word' id='word_1_245' title='bbox 986 3090 1138 3170; x_wconf 89' lang='lat' dir='ltr'><strong>conligan-</strong></span> 
     </span>
     <span class='ocr_line' id='line_1_33' title="bbox 87 3175 1140 3258; baseline 0.006 -24"><span class='ocrx_word' id='word_1_246' title='bbox 87 3184 103 3234; x_wconf 76' lang='lat' dir='ltr'><strong>o</strong></span> <span class='ocrx_word' id='word_1_247' title='bbox 124 3184 188 3257; x_wconf 90' lang='lat' dir='ltr'><strong>tur,</strong></span> <span class='ocrx_word' id='word_1_248' title='bbox 214 3185 249 3238; x_wconf 93' lang='lat' dir='ltr'><strong>ut</strong></span> <span class='ocrx_word' id='word_1_249' title='bbox 276 3176 328 3236; x_wconf 95' lang='lat' dir='ltr'><strong>diu</strong></span> <span class='ocrx_word' id='word_1_250' title='bbox 351 3185 497 3237; x_wconf 88' lang='lat' dir='ltr'><strong>maneant.</strong></span> <span class='ocrx_word' id='word_1_251' title='bbox 542 3175 647 3236; x_wconf 92' lang='lat' dir='ltr'><strong>Ulcera</strong></span> <span class='ocrx_word' id='word_1_252' title='bbox 670 3175 825 3258; x_wconf 87' lang='lat' dir='ltr'><strong>tibiarum,</strong></span> <span class='ocrx_word' id='word_1_253' title='bbox 853 3195 928 3256; x_wconf 89' lang='lat' dir='ltr'><strong>quae</strong></span> <span class='ocrx_word' id='word_1_254' title='bbox 951 3179 1140 3242; x_wconf 87' lang='lat' dir='ltr'><strong>intrinsecus</strong></span> 
     </span>
    </p>
   </div>
   <div class='ocr_carea' id='block_1_7' title="bbox 189 3385 1006 3531">
    <p class='ocr_par' dir='ltr' id='par_1_9' title="bbox 189 3385 1006 3531">
     <span class='ocr_line' id='line_1_34' title="bbox 198 3385 820 3459; baseline -0.023 -19"><span class='ocrx_word' id='word_1_255' title='bbox 198 3385 257 3442; x_wconf 77' lang='lat' dir='ltr'><strong>tait:</strong></span> <span class='ocrx_word' id='word_1_256' title='bbox 273 3402 394 3458; x_wconf 88' lang='lat' dir='ltr'><strong>genum.</strong></span> <span class='ocrx_word' id='word_1_257' title='bbox 813 3447 820 3459; x_wconf 21' lang='grc' dir='ltr'>ἱ</span> 
     </span>
     <span class='ocr_line' id='line_1_35' title="bbox 189 3448 1006 3531; baseline -0.049 -4"><span class='ocrx_word' id='word_1_258' title='bbox 189 3459 333 3531; x_wconf 68' lang='lat'><strong>1358118·</strong></span> <span class='ocrx_word' id='word_1_259' title='bbox 418 3465 455 3519; x_wconf 90' lang='lat'><strong>18</strong></span> <span class='ocrx_word' id='word_1_260' title='bbox 475 3459 550 3517; x_wconf 77' lang='lat' dir='ltr'><strong>lana</strong></span> <span class='ocrx_word' id='word_1_261' title='bbox 568 3453 683 3515; x_wconf 69' lang='lat' dir='ltr'><strong>sucida.</strong></span> <span class='ocrx_word' id='word_1_262' title='bbox 756 3455 799 3504; x_wconf 70' lang='lat' dir='ltr'><strong>‘si</strong></span> <span class='ocrx_word' id='word_1_263' title='bbox 814 3448 1006 3500; x_wconf 69' lang='lat' dir='ltr'><strong>intrensecus.</strong></span> 
     </span>
    </p>
   </div>
   <div class='ocr_carea' id='block_1_8' title="bbox 0 0 1224 3802">
    <p class='ocr_par' dir='ltr' id='par_1_10' title="bbox 0 0 1224 3802">
     <span class='ocr_line' id='line_1_36' title="bbox 0 0 1224 3802; baseline 0 0"><span class='ocrx_word' id='word_1_264' title='bbox 0 0 1224 3802; x_wconf 95' lang='lat' dir='ltr'><strong> </strong></span> 
     </span>
    </p>
   </div>
  </div>
 </body>
</html>
