2438 3802
487 147 728 214 -130-

105 321 136 374 et
154 313 213 374 mel
226 312 350 393 Lycium
369 319 512 391 quantum
532 311 661 373 sufficiat
674 311 788 391 aequali
802 330 941 374 mensura
956 315 1121 396 permisce3

106 401 215 482 quibus
238 400 329 462 rebus
353 401 555 462 dentifricium
579 402 729 480 egregium
753 400 857 482 lacieS,
882 401 960 480 qnod
984 401 1120 463 dolorem

105 491 240 552 dentium
268 489 351 550 sedat
378 507 489 567 eosque
516 490 672 550 confirmat
699 498 729 550 et
752 490 977 550 candidissimos
1005 491 1120 572 reddit3

106 581 158 641 sed
187 598 262 658 quae
290 577 413 639 terenda
442 585 524 656 sunt,
555 577 779 656 diligentissime
808 585 1002 639 conterantur
1027 588 1120 658 atque

105 668 271 729 criblentur
290 673 320 726 et
339 667 382 725 sic
401 667 499 725 omnia
517 667 712 747 misceantur3
732 667 810 745 quod
825 666 1026 727 dentifricium
1046 685 1147 728 nec-t

106 775 166 816 non
194 764 223 815 et
251 755 305 814 alia
334 755 431 813 omnia
459 771 549 832 supra
578 754 657 815 dicta
685 757 716 814 iu
743 754 900 834 pyxidibus
927 755 1033 834 ligneis
1066 765 1120 817 aut

104 845 222 904 corneis
245 841 355 902 debent
377 842 508 903 recondi.

515 1036 595 1098 CdP.
619 1036 708 1098 Xllll.

105 1150 200 1206 Uvae
229 1153 264 1206 et
291 1148 450 1205 faucibus
478 1151 513 1205 et
540 1147 671 1205 arteriis
699 1151 735 1204 et
761 1149 938 1205 raucedini
967 1150 1122 1206 remedia

150 1239 290 1309 physica
314 1241 348 1293 et
370 1237 583 1294 rationabilia
605 1237 738 1293 diversa
760 1238 803 1293 de
827 1237 1077 1308 experimentis.

69 1392 85 1441 1
195 1375 237 1436 dd
262 1375 393 1436 lancium
416 1391 549 1453 uiaeque
572 1381 721 1434 tumorem
744 1373 799 1434 hac
823 1373 884 1434 lere
913 1392 1016 1434 omues
1039 1393 1121 1434 com·

105 1466 253 1543 positione
277 1466 323 1525 uti
346 1462 469 1543 debent,
498 1463 567 1540 qnia
595 1461 704 1523 nullam
732 1462 948 1541 aspritudinem
975 1461 1120 1524 habetet

104 1555 176 1614 satis
200 1553 305 1612 efficax
324 1559 382 1612 est:
406 1551 483 1612 Uvae
503 1550 642 1611 Amineae
662 1549 795 1630 acerbae,
814 1569 882 1611 cum
901 1553 1031 1630 primum
1051 1570 1117 1629 gra·
1133 1571 1160 1611 ro

103 1660 176 1702 num
200 1643 265 1701 eius
288 1641 394 1718 incipit
416 1638 581 1718 perlucere,
605 1641 670 1698 suci
693 1637 724 1698 8·
743 1638 806 1718 llll,
829 1638 925 1700 mellis
943 1640 1034 1700 Attici
1053 1637 1084 1699 8*
1105 1640 1118 1700 1

103 1733 228 1791 misceto
255 1731 287 1788 iu
314 1746 408 1788 uuum
436 1735 524 1805 atque
552 1729 584 1786 in
612 1745 704 1787 aeneo
736 1745 805 1788 vaso
838 1729 957 1807 coquito
990 1727 1119 1788 subinde

103 1837 234 1898 movens,
254 1817 348 1878 donec
367 1815 462 1877 mellis
481 1815 588 1876 habeat
606 1815 839 1898 spissitudinem,
858 1828 946 1895 atque
966 1816 1035 1876 inde
1055 1817 1119 1878 iau·

66 1923 155 1971 aces
185 1908 348 1985 continges.
390 1904 489 1966 Altera
517 1903 553 1965 ad
581 1904 728 1965 eiusmodi
755 1905 906 1966 molestias
932 1907 1118 1985 compositio,

104 2014 172 2056 cum
200 1994 313 2056 diutius
341 2002 461 2055 vexatae
490 2001 560 2054 sunt
587 2000 688 2072 partes
716 2011 806 2074 supra
834 1994 944 2070 dictae,
971 2001 1005 2054 ut
1031 1993 1117 2054 facile
1132 2015 1160 2056 15

104 2084 274 2164 placentur:
298 2083 443 2144 dluminis
462 2083 525 2143 lissi
543 2081 619 2162 illl,
642 2082 734 2161 gallae
757 2091 862 2144 tunsae
882 2081 958 2160 xil,
981 2082 1119 2160 omphaci

104 2174 181 2234 aridi
203 2172 229 2232 x
248 2172 274 2251 l,
302 2174 384 2233 croci
406 2171 432 2231 ll
450 2171 476 2250 1,
499 2173 581 2251 passi
603 2171 714 2231 Cretici
736 2168 767 2232 8
786 2170 807 2232 l.
852 2170 915 2231 Hoc
939 2171 1119 2249 decoquitur

104 2280 174 2321 vaso
198 2261 282 2320 lictili
304 2260 341 2320 ad
364 2260 485 2339 medias,
508 2261 549 2319 ita
572 2266 606 2319 ut
630 2277 705 2338 quae
728 2260 851 2319 terenda
869 2267 940 2320 suut
959 2259 1119 2338 diligenter

104 2351 175 2408 trita
194 2348 422 2408 admisceantur.
449 2346 616 2425 Utrumque
635 2353 733 2407 autem
752 2347 1001 2408 medicamentum
1021 2349 1117 2428 signa·

104 2443 168 2496 tunr
198 2443 319 2513 stagneo
348 2434 554 2512 reponendum
582 2444 628 2495 est
654 2434 773 2494 vasculo
802 2444 832 2495 et
858 2455 914 2496 uva
942 2436 988 2497 vel
1015 2437 1117 2497 lauces
1131 2456 1158 2496 ro

67 2538 84 2586 a
105 2523 226 2584 adsidue
250 2523 318 2582 iude
342 2522 514 2600 tangendae.
548 2521 605 2582 Ubi
628 2525 802 2602 suppuratio
826 2524 955 2586 faucium
978 2534 1117 2604 suspecta

104 2619 150 2673 est
173 2611 285 2671 diutius
308 2618 501 2688 permanente
525 2629 627 2671 earum
650 2618 766 2671 tumore
795 2621 825 2672 et
852 2615 1003 2674 interdum
1027 2613 1116 2674 lebri-

104 2700 180 2762 oulis
199 2717 259 2759 non
278 2701 341 2759 sine
360 2698 486 2759 horrore
504 2699 736 2779 incurrentibus,
751 2702 901 2779 oportebit
915 2703 1033 2781 quidem
1051 2719 1115 2780 gar-

103 2787 223 2867 galizari
246 2806 350 2867 aquam
374 2787 500 2848 mulsam
526 2787 570 2848 vel
593 2807 661 2849 curn
685 2790 749 2849 ficis
768 2790 859 2850 aridis
879 2790 1041 2872 decoctam,
1057 2789 1115 2850 sed

102 2879 251 2958 perungui
265 2878 365 2938 lances
378 2876 452 2938 utile
467 2885 513 2938 est
527 2876 583 2938 hoc
597 2877 822 2959 medicamento,
841 2897 899 2957 qua
914 2887 1011 2939 tactus
1025 2880 1114 2939 susti·
1129 2895 1158 2937 as

102 2985 175 3028 nere
203 2968 313 3046 poterit
340 2966 428 3045 paulo
456 2968 602 3047 pressius,
631 2967 709 3046 quod
738 2968 895 3028 conficitur
923 2969 979 3028 sic:
1020 2966 1116 3028 Mellis

102 3055 174 3116 boni
197 3056 363 3136 despumati
381 3056 539 3135 heminam,
561 3057 677 3116 resinae
696 3055 914 3116 terebinthinae
933 3055 964 3116 P.
983 3054 1005 3136 1,
1028 3073 1116 3116 rosae

103 3147 199 3206 siccae
220 3145 341 3224 cyathos
355 3143 387 3205 V.
415 3144 555 3205 Resinam
574 3162 641 3204 cum
660 3161 728 3204 rosa
743 3143 854 3222 duplici
867 3162 944 3224 vaso,
967 3153 1002 3204 ut
1018 3143 1117 3205 solent

102 3235 294 3310 unguentarii
313 3235 365 3312 uti,
389 3231 536 3311 liquefieri
555 3239 681 3312 oportet,
704 3231 811 3292 deiude
831 3232 988 3293 admisceri
1007 3232 1065 3292 mel
1085 3241 1116 3293 et

174 3366 370 3421 omiscantur.
457 3372 489 3420 16
508 3366 602 3434 gallae
620 3369 719 3422 tunsae
737 3364 764 3420 X
778 3365 804 3420 II
822 3382 872 3420 om.
959 3371 993 3420 25
1012 3383 1115 3436 perun·

100 3435 191 3504 gueri.
245 3436 489 3491 medicamentum.
545 3438 654 3493 austeri.
709 3444 742 3492 27
761 3433 957 3492 terebintinae.
1012 3444 1046 3492 28
1062 3438 1116 3492 sio·

99 3511 162 3571 cae]
180 3506 239 3561 suoi
254 3506 411 3562 conanus.
485 3513 518 3564 29
537 3509 652 3578 oportit.
