2438 3802
482 138 723 204 —261-

181 299 358 367 Remedium
380 301 502 360 unicum
526 309 556 361 et
579 301 659 380 quod
682 303 825 363 citissime
848 307 966 366 renium
990 303 1107 368 dolores
1125 320 1160 369 48

92 408 160 451 cum
189 389 383 450 admiratione
410 397 550 467 persanat
580 392 636 452 sic:
668 389 808 452 Bitumen
841 411 932 472 super
962 395 1107 457 carbones

91 481 173 539 vivos
196 496 292 557 pones
315 485 345 538 et
368 495 436 556 sago
460 478 565 556 grandi
588 479 624 539 ad
648 479 769 540 modum
793 499 898 542 caveae
918 500 969 542 eos
989 487 1106 563 operies

92 576 180 646 atque
208 567 269 628 illic
293 568 420 627 interius
443 567 572 648 nudum,
599 569 651 648 qui
673 571 792 629 renium
817 569 919 631 dolore
942 572 1107 654 vexabitur,

64 674 184 735 usupra
206 658 288 736 ipsos
312 654 456 716 carbones
475 656 580 717 sedere
599 659 774 740 praecipies,
797 666 831 719 ut
854 659 953 721 furnus
972 661 1022 722 ille
1042 680 1107 722 cor-

91 763 150 824 pus
173 747 237 806 eius
260 763 347 806 omne
371 746 540 806 circumeat.
582 744 659 827 Hoc,
684 749 710 807 si
733 766 856 808 necesse
879 749 983 830 luerit,
1008 758 1038 811 et
1060 758 1107 811 ter

92 834 192 912 facies,
215 841 250 894 ut
271 835 392 914 penitus
415 843 546 895 sanetur.

181 922 275 984 Radix
302 925 438 1003 asparagi
463 925 533 984 trita
557 931 586 984 et
609 943 678 985 cum
701 927 769 986 vino
792 933 862 1004 pota
885 930 1004 988 renium
1027 927 1106 988 dolo·
1125 939 1159 988 49

90 1031 154 1073 rem
183 1014 294 1090 optime
322 1011 407 1073 tollit.
449 1011 545 1073 Ocimi
573 1031 663 1074 sucus
690 1016 722 1074 in
750 1014 820 1074 mali
847 1019 963 1094 granati
995 1020 1106 1078 cortice
1126 1027 1160 1076 50

48 1121 75 1160 ιο
90 1109 179 1182 potus
198 1100 361 1181 plurimum
380 1101 503 1162 renibus
523 1101 653 1180 prodest.
684 1101 737 1163 Fel
754 1105 884 1165 irenacei
904 1123 972 1165 cum
987 1123 1106 1183 vesper·
1125 1116 1158 1164 51

90 1191 202 1252 tilionis
227 1189 352 1251 cerebro
381 1199 411 1251 et
434 1192 539 1251 canino
562 1190 639 1251 lacte
662 1190 785 1252 renibus
808 1194 971 1271 inpositum
994 1196 1104 1254 mirum

91 1279 222 1358 prodest.
257 1279 356 1358 adeps
379 1281 536 1340 anserinus
561 1297 629 1340 cum
653 1280 785 1340 eiusdem
806 1281 930 1341 cerebro
950 1289 980 1342 et
998 1281 1106 1361 butyro
1126 1292 1160 1341 52

92 1376 123 1428 et
146 1367 273 1429 alumine
293 1376 323 1428 et
342 1386 451 1448 oesypo
469 1370 618 1447 inpositus
637 1367 673 1429 ad
693 1371 788 1430 ceroti
805 1369 927 1430 modum
946 1371 1108 1431 efficaciter

91 1455 215 1517 renibus
237 1457 369 1536 prodest.

50 1564 78 1604 15
183 1544 305 1607 Stercus
325 1545 527 1607 columbinum
547 1548 651 1607 tritum
666 1565 735 1608 cum
749 1546 855 1607 hordei
869 1548 962 1607 farina
977 1555 1008 1608 et
1022 1547 1107 1627 adipe
1126 1557 1160 1606 53

92 1633 178 1696 suilla
206 1642 236 1695 et
263 1653 388 1695 ovorum
415 1634 481 1695 albo
511 1635 599 1696 simul
627 1638 809 1714 permixtum
841 1645 872 1698 et
899 1644 1018 1697 coctum
1048 1655 1107 1697 ern·

90 1723 196 1802 plastri
229 1741 312 1784 more
342 1726 508 1784 rectissime
537 1724 660 1785 renibus
688 1727 851 1803 inponitur.
897 1724 931 1785 ln
960 1725 1106 1804 capitibus
1126 1734 1161 1783 54

90 1814 232 1894 piscium,
260 1813 291 1872 id
319 1821 365 1873 est
392 1813 548 1890 mugilium
571 1821 622 1874 aut
645 1813 819 1894 mullorum,
847 1815 932 1892 spina
955 1816 1106 1875 invenitur

92 1903 158 1961 cani
177 1900 296 1978 similis3
314 1900 387 1962 haec
406 1901 529 1962 renibus
547 1902 680 1981 adposita
695 1903 740 1962 vel
755 1902 871 1981 alligata
884 1904 961 1962 miro
975 1903 1107 1964 remedio

50 2007 77 2047 ro
93 1996 147 2050 est.
179 1989 319 2068 Plantago
339 2009 375 2050 ex
393 1989 480 2050 melle
495 1993 565 2051 trita
579 1998 609 2051 et
623 1993 751 2070 inposita
765 1991 889 2052 renibus
905 1993 1005 2052 statim
1019 1991 1107 2071 prod·
1126 1999 1160 2050 55

93 2086 147 2140 est.
185 2077 245 2139 Ova
269 2081 436 2158 saepiarum
459 2081 489 2140 in
510 2079 577 2140 cibo
597 2087 715 2158 sumpta
733 2082 851 2141 urinam
870 2087 990 2140 movent
1013 2088 1043 2140 et
1061 2099 1107 2140 re·
1127 2089 1161 2137 aa

92 2170 175 2228 nium
189 2168 378 2247 gravedinem
392 2167 509 2230 tollunt.
541 2167 625 2229 Inula
640 2171 711 2229 trita
726 2176 756 2229 et
770 2187 838 2229 cum
852 2171 914 2229 vini
928 2167 1041 2248 cyathis
1056 2170 1107 2229 tri·
1127 2177 1160 2226 ou

91 2255 148 2318 bus
166 2276 221 2336 per
240 2257 373 2318 triduum
392 2264 461 2336 pota
475 2256 636 2336 plurimum
651 2257 773 2336 prodest
787 2257 911 2318 renibus
924 2257 1107 2337 reparandis.

91 2348 244 2424 Axungiae
266 2348 376 2406 veteris
404 2345 559 2426 selibram,
587 2346 645 2406 olei
672 2348 782 2408 veteris
811 2347 950 2408 selibram
979 2347 1160 2408 samsucius

50 2450 77 2492 sa
93 2434 241 2515 selibram,
261 2442 347 2496 rutae
365 2434 542 2495 fasciculum
560 2453 619 2495 una
638 2435 787 2516 decoques
807 2445 837 2498 et
855 2437 952 2498 lanam
970 2437 1012 2498 ibi
1031 2438 1107 2498 suci-

92 2523 159 2584 dam
182 2525 301 2603 tingues
325 2542 359 2584 ac
382 2523 506 2584 renibus
529 2525 756 2605 superinpones,
780 2527 855 2586 mire
879 2526 1047 2587 subvenies.

180 2612 225 2673 nd
248 2614 381 2674 vessicae
405 2612 523 2673 dolores
553 2621 583 2673 et
612 2616 781 2692 stranguria
809 2614 912 2675 cardui
941 2633 1043 2674 semen
1072 2633 1107 2674 ex
1127 2621 1160 2670 59

91 2702 151 2761 vini
176 2704 312 2763 sextariis
336 2700 453 2762 duobus
476 2719 573 2780 usque
597 2701 633 2762 ad
656 2701 805 2762 heminam
828 2702 986 2764 decoctum
1010 2709 1040 2762 et
1059 2721 1107 2762 ex-

91 2806 230 2867 pressum
257 2798 346 2869 atque
375 2790 504 2851 colatum
527 2792 670 2869 potuique
694 2792 794 2850 ieiuno
819 2789 920 2850 datum
943 2790 1106 2869 plurimum

50 2895 77 2935 eo
92 2876 223 2954 prodest.
268 2877 388 2940 Plantae
416 2887 554 2940 rutaceae
588 2886 619 2938 et
650 2886 774 2955 nepetae
808 2877 923 2937 radices
956 2877 1106 2955 bacaeque
1126 2885 1160 2933 60

92 2964 211 3026 laureae
233 2968 265 3026 in
287 2984 358 3027 vaso
379 2967 463 3029 lictili
483 2974 605 3047 coperto
625 2965 784 3045 diligenter
798 2972 909 3045 coctae,
931 2967 1027 3025 nevis
1046 2983 1106 3024 me·

92 3053 251 3116 dicamenti
279 3066 409 3133 emanet,
439 3057 525 3136 potui
553 3054 674 3134 dantur,
702 3056 743 3114 ita
771 3061 805 3114 ut
831 3055 916 3132 prius
945 3071 1104 3132 expressae

92 3143 240 3227 colentur,
267 3144 444 3206 mirabiliter
471 3145 602 3206 vessicae
626 3142 780 3204 doloribus
803 3150 939 3222 prosunt.
979 3141 1105 3225 Herbae,
1124 3150 1157 3202 61

182 3303 310 3354 lunum
393 3298 532 3353 §leontice
551 3299 665 3381 accepti:
684 3297 826 3353 corticem.
910 3302 943 3353 10
961 3298 1106 3353 irenaseei.

93 3375 126 3424 13
146 3370 263 3441 oesypo]
283 3370 402 3439 hysopo.
480 3371 670 3440 18mug11um
690 3368 851 3425 Oormriue.
925 3375 959 3439 22
979 3369 1107 3439 gravedi-

90 3442 188 3496 batem.
298 3446 332 3496 23
350 3439 476 3496 tridium.
586 3445 621 3515 25
638 3441 784 3496 saecolum.
890 3445 923 3494 at
944 3439 1106 3508 strangulia.

90 3511 276 3569 allectione.
348 3511 403 3583 vis]
423 3529 495 3568 cum.
