2438 3802
479 147 717 210 -339-

96 311 256 387 ciamento,
285 326 343 386 quo
371 309 417 368 uti
445 307 535 388 soles,
565 307 663 368 locum
691 308 846 385 inguinum
874 307 1056 368 laborantem
1081 310 1106 367 si

95 397 299 476 perfricueris,
323 397 479 457 confestim
502 398 706 474 intertrigines
728 394 821 455 tolles,
858 396 1022 474 Axungiam
1040 414 1106 476 per·
1125 409 1159 458 36

97 493 226 546 veterem
258 483 447 564 liquefactam
476 493 506 545 31
534 502 685 545 cerussam
714 484 790 544 bene
822 485 934 544 tritam
951 486 1107 564 permisce,

97 573 192 634 donec
215 575 301 652 acopi
323 572 551 634 crassitudinem
574 572 688 653 babeat,
708 580 795 651 atque
816 572 885 632 inde
904 573 1107 650 intertrigines

70 663 235 742 operirica,
259 661 421 723 efficaciam
444 661 569 722 remedii
592 660 834 740 celeritatemque
856 659 1015 740 mirabere3
1039 677 1107 719 nam

97 751 153 811 boc
182 749 365 811 medicamen
394 752 481 810 etiam
505 749 648 827 rhagadas
672 751 832 810 efficaciter
857 757 947 810 sanat.
990 748 1106 809 Cretam
1126 760 1160 808 30

98 840 294 917 argentariam
323 857 391 899 cum
417 839 485 898 vino
509 846 608 898 vetere
631 839 733 898 tritam
755 840 890 916 impones
913 840 993 899 tritis
1016 840 1107 897 inter-

98 926 271 1008 triginibus,
299 929 410 1006 optime
436 928 600 1005 accipieris.
643 925 714 986 0130
738 935 837 987 031303
862 934 892 987 31
915 945 990 1005 0000
1014 925 1106 987 calida
1126 935 1160 984 38

96 1018 242 1096 permixta
266 1015 388 1076 adsidue
410 1017 532 1093 inguina
555 1015 633 1089 iove,
662 1017 803 1075 continuo
832 1015 989 1075 subvenies
1017 1017 1108 1074 10130-

59 1122 84 1162 1o
98 1104 259 1183 triginibus
279 1105 396 1164 attritis.
440 1103 471 1163 Si
495 1103 674 1164 exulceratio
697 1105 919 1182 intertriginum
944 1105 1013 1180 erit,
1040 1120 1107 1180 spu·
1127 1113 1161 1162 39

98 1212 175 1256 mam
203 1194 319 1270 argenti
342 1211 379 1252 ex
401 1194 469 1252 vino
494 1200 631 1252 conteres
655 1194 741 1271 eique
765 1190 916 1270 pulverem
940 1192 1021 1269 pinei
1044 1208 1108 1250 cor-

98 1284 165 1342 ticis
189 1282 271 1340 tunsi
293 1279 433 1341 miscebis
457 1288 486 1340 et
509 1280 607 1340 locum
631 1280 745 1340 inlines.

187 1368 231 1428 Ad
263 1370 384 1446 iriguiua
416 1375 446 1429 et
478 1376 659 1447 apostemata
687 1367 851 1428 remedium
880 1368 936 1427 sic:
973 1365 1108 1445 Equinus
1127 1376 1162 1425 40

99 1459 218 1534 sanguis
247 1459 371 1517 maxime
400 1456 566 1517 admissarii
589 1459 659 1536 3001
682 1457 855 1536 frequenter
878 1455 981 1515 inlitus
1005 1454 1107 1514 huius-

59 1545 178 1605 asmodi
197 1544 347 1605 molestias
368 1554 464 1625 sanat3
482 1545 609 1624 ungulae
630 1563 747 1624 quoque
767 1547 832 1604 eius
847 1543 1017 1604 combustae
1034 1545 1109 1602 cinis

98 1653 166 1694 cum
190 1634 256 1694 oleo
274 1634 427 1714 adpositus
446 1633 524 1693 idem
544 1641 683 1713 praestat.
721 1632 843 1693 Cocleae
862 1634 944 1692 vivae
964 1633 1108 1692 contritae
1128 1640 1162 1689 41

98 1741 167 1782 cum
194 1741 293 1802 myrra
320 1729 351 1783 31
377 1723 533 1800 impositae
560 1722 734 1800 inguinibus
763 1721 876 1781 efficaci
904 1719 1012 1780 auxilio
1040 1719 1109 1780 sub·

98 1812 234 1887 veniunt;
259 1810 310 1870 sed
334 1809 546 1888 relinquendae
565 1809 727 1890 30011030,
751 1811 800 1870 301
818 1808 968 1887 adpositae
988 1808 1109 1887 luerint,

99 1905 158 1957 tam
182 1897 363 1977 (110,(10033
387 1906 491 1976 sponte
516 1898 666 1977 decidant,
691 1897 769 1977 quod
793 1898 857 1977 fiet,
881 1915 949 1957 cum
971 1914 1110 1974 persana·

60 2001 86 2041 ao
100 1987 204 2045 verint.
241 1985 350 2045 Arietis
374 2004 462 2063 quarn
485 1987 673 2066 pinguissimi
696 1985 761 2046 lana
785 1984 870 2063 plena
890 1987 951 2045 suis
971 1983 1109 2045 sordibus
1128 1994 1163 2054 42

99 2072 253 2133 combusta
287 2081 317 2133 et
344 2075 375 2133 in
404 2073 555 2151 pulverem
582 2075 702 2134 redacta
729 2073 852 2152 prodest
879 2072 1054 2151 plurimum,
1085 2075 1111 2132 si

99 2181 133 2222 co
158 2164 258 2221 cinere
282 2178 318 2221 ax
341 2179 416 2240 aqua
440 2160 537 2222 locum
561 2164 716 2241 inguinum
739 2162 955 2241 periricaveris.

187 2249 332 2310 Bestiolae
359 2249 545 2330 multipedes,
570 2269 644 2329 qnae
664 2254 694 2312 10
713 2251 786 2312 10313
804 2249 913 2310 umidis
933 2257 963 2308 et
982 2248 1109 2308 sordidis
1128 2257 1162 2306 43

98 2347 262 2400 003300100
290 2357 425 2418 0003003
450 2346 603 2400 contactae
627 2339 747 2418 pilulam
770 2339 806 2399 de
830 2357 862 2398 se
886 2337 1011 2417 1031001,
1041 2355 1109 2397 300-

58 2442 84 2483 33
98 2431 184 2489 101103
213 2429 326 2489 adiecta
353 2429 441 2489 tertia
467 2438 551 2508 parte
575 2430 691 2489 resinae
705 2427 931 2490 terebinthinae
956 2425 1108 2504 emplastri

96 2517 183 2577 modo
212 2517 363 2595 adpositae
387 2517 577 2578 collectiones
600 2519 785 2596 incipientes,
812 2534 886 2596 quas
909 2514 1015 2576 Graeci
1039 2533 1106 2594 apo-

97 2613 220 2665 stemata
248 2614 366 2685 vocant,
394 2606 467 2666 adeo
496 2615 613 2685 sanant,
641 2613 675 2666 ut
702 2607 890 2666 tenacissime
914 2603 1107 2683 emplastrum

96 2693 229 2770 haereat,
260 2693 355 2752 donec
382 2701 550 2769 persanent.
597 2692 681 2752 Lotio
711 2692 797 2751 suillo
824 2693 923 2751 locum
951 2694 1106 2769 inguinum
1128 2700 1163 2748 44

98 2779 247 2837 dolentem
277 2778 399 2837 adsidue
427 2797 582 2855 perungue
611 2787 662 2838 aut
690 2797 758 2838 cum
788 2796 823 2836 eo
852 2778 947 2836 lanam
976 2780 1108 2838 sucidam

58 2880 84 2920 ao
99 2865 226 2943 adpone,
256 2866 355 2923 statim
382 2864 548 2924 medebere.
591 2864 751 2924 Muliebres
779 2863 877 2942 capilli
906 2864 1053 2924 combusti
1080 2875 1109 2925 et
1128 2874 1162 2924 46

99 2953 220 3012 contriti
247 2960 335 3029 atque
363 2946 441 3009 inliti
468 2968 536 3010 cum
563 2952 632 3010 0100
661 2959 712 3012 001
739 2969 807 3011 cum
831 2957 914 3010 aceto
938 2951 1110 3028 inguinibus

98 3039 264 3100 medentur.
302 3037 463 3098 Menstruis
486 3037 683 3099 muliebribus
706 3041 826 3119 inguina
851 3036 979 3098 dolentia
998 3039 1043 3098 031
1063 3047 1108 3099 tu-
1127 3051 1162 3100 43

98 3131 207 3189 mentia
237 3130 262 3189 si
290 3128 515 3206 contingantur,
545 3129 645 3188 statim
676 3130 773 3188 sanari
800 3125 972 3187 creduntur.
1019 3126 1107 3187 Talus
1127 3138 1161 3187 47

98 3216 227 3277 bubulus
251 3215 424 3278 combustus
447 3218 595 3295 tritusque
620 3216 735 3276 adiecto
754 3215 840 3276 melle
860 3212 962 3274 inlitus
981 3216 1107 3293 inguini-

58 3320 84 3361 ca
99 3305 155 3366 bns
180 3305 347 3367 dolentibus
371 3303 417 3364 031
436 3304 620 3366 tumentibus
639 3305 769 3384 prodest.
805 3303 930 3381 Inguina
948 3303 1060 3363 tumida
1079 3313 1109 3364 31
1127 3315 1162 3364 43

99 3394 227 3454 dolentia
252 3393 381 3473 sanabis,
406 3396 431 3454 si
454 3396 518 3472 ipsc
543 3404 659 3455 veretro
683 3393 840 3472 denudato,
864 3390 893 3451 id
918 3399 963 3452 est
986 3392 1108 3453 reducta

97 3482 245 3565 pellicula,
269 3481 390 3544 adsidue
415 3500 448 3542 ea
472 3484 633 3562 contigeris
658 3482 703 3543 031
727 3481 949 3563 0301013003013,

384 3599 386 3603 ’
913 3577 975 3631 aa*
