2438 3802
503 146 721 210 ,ὅγ-

105 307 214 369 lavabis
247 317 276 368 et
309 326 464 388 expressas
497 308 605 369 sabano
639 309 778 391 siccabis,
811 311 917 371 deinde
950 311 1058 372 tundes
1088 315 1119 373 in

104 400 208 477 pisone
236 395 402 456 marmoreo
431 407 461 458 et
487 416 592 458 sucum
620 399 688 458 iude
712 399 803 459 linteo
827 402 938 460 intorto
963 403 1120 482 exprimes,

105 498 167 547 tum
191 487 296 546 leviter
319 486 355 545 ad
377 484 521 545 carbones
544 487 750 566 despumatum
771 488 929 566 tepefacies
949 496 979 548 et
998 489 1119 550 naribus

103 575 256 654 infundes,
283 576 322 634 ita
347 583 381 634 ut
405 576 429 634 is
454 576 503 635 cui
526 574 693 636 medeberis
721 595 827 654 aquam
857 577 983 655 tepidam
1013 580 1041 637 in
1067 596 1118 637 ore

77 665 268 744 scontineat,
301 671 331 722 et
364 664 389 722 si
422 680 499 723 unus
532 663 637 724 oculus
669 664 827 745 laborabit,
860 666 992 725 diversae
1025 669 1118 745 partis

105 770 192 811 nares
211 752 350 812 infundes
370 758 400 811 et
418 751 504 811 melle
523 752 620 812 Attico
640 755 802 833 continges,
840 753 871 813 Si
890 761 988 814 tamen
1008 755 1117 814 videris

105 838 208 900 oculos
232 841 296 900 suci
314 839 393 900 illius
412 839 560 900 infusione
579 840 724 921 turbatos,
747 841 866 921 herbae,
890 861 978 922 quam
999 843 1116 922 quidam

105 927 284 988 cerebellum
302 931 383 989 canis
403 927 558 1010 appellant,
577 929 660 989 radix
677 949 713 990 ex
732 948 806 1008 aqua
826 930 1003 1010 decoquitur
1022 949 1117 1010 eoque

105 1035 207 1077 umore
236 1017 313 1077 oculi
337 1018 478 1078 adversus
502 1017 659 1098 epiphoras
682 1017 796 1079 utiliter
820 1019 964 1080 foventur.
1011 1019 1118 1080 Farina
1137 1035 1170 1082 33

62 1123 88 1162 10
102 1105 252 1165 hordiacia
280 1113 311 1166 et
338 1105 411 1184 galla
435 1115 559 1166 contusa
583 1126 650 1167 cum
674 1125 749 1186 aqua
772 1109 917 1186 permixta
943 1115 972 1168 et
995 1107 1118 1169 collecta

102 1193 197 1254 oculis
230 1213 297 1254 cum
331 1203 434 1275 tepore
466 1197 593 1274 inposita
625 1204 756 1256 tumores
785 1193 962 1276 doloresque
991 1196 1117 1257 sedabis.

103 1282 297 1343 Coriendrum
329 1284 423 1343 viride
451 1285 554 1344 tritum
584 1284 711 1364 laetique
739 1284 874 1345 mulieris
900 1287 1058 1346 inmixtum
1086 1294 1116 1346 et
1135 1299 1170 1348 34

103 1371 286 1432 tumentibus
311 1372 356 1432 vel
378 1371 547 1433 dolentibus
567 1372 661 1433 oeulis
680 1373 847 1451 adpositum
868 1375 966 1434 statim
985 1374 1116 1456 prodest,

102 1460 180 1520 idem
204 1469 234 1520 et
257 1463 356 1538 apium
380 1468 511 1538 praestat
534 1461 670 1522 similiter
692 1463 863 1540 inpositum.
909 1461 969 1524 Ros
988 1462 1115 1523 caeleste
1135 1476 1168 1526 35

60 1566 87 1606 1⁶
101 1567 190 1609 manu
216 1549 325 1609 munda
353 1548 510 1610 collectum
539 1557 569 1610 et
597 1557 681 1610 rutae
705 1551 854 1612 silvaticae
878 1561 1019 1611 contusae
1044 1570 1116 1612 suco

101 1637 264 1721 admixtum
283 1639 313 1697 in
333 1637 469 1717 plumbea
488 1638 595 1718 pyxide
615 1639 811 1720 reconditum,
830 1658 897 1701 curn
922 1658 997 1719 opus
1017 1641 1116 1721 fuerit,

100 1727 257 1787 adversum
281 1726 438 1806 epiphoras
462 1727 616 1788 oculorum
636 1728 727 1788 fronti
746 1736 775 1789 et
795 1728 963 1808 superciliis
981 1730 1115 1807 inpones.

100 1814 184 1895 Vino,
202 1818 234 1875 in
253 1834 311 1894 quo
330 1814 432 1876 laurus
452 1816 542 1876 fuerit
560 1815 711 1897 decoctus,
730 1816 809 1877 oculi
827 1817 881 1876 foti
895 1815 997 1877 dolore
1011 1826 1115 1895 poten·
1134 1831 1168 1880 36

100 1905 214 1965 tissime
234 1902 418 1965 levabuntur.
456 1903 547 1984 Spina
566 1903 630 1964 alba
649 1903 795 1964 conbusta
813 1912 843 1964 et
861 1904 938 1964 bene
957 1907 1026 1965 trita
1046 1924 1113 1966 oum
1134 1919 1167 1966 37

60 2007 85 2048 so
101 2011 155 2052 ovo
184 1992 357 2072 superinlita
385 1992 431 2052 vel
458 1995 580 2053 inuncta
606 1992 689 2052 sedat
718 1992 841 2052 mirifice
870 1991 988 2052 dolores
1016 1993 1114 2052 oculo·

101 2100 176 2146 rum.
214 2080 311 2141 Gallae
335 2083 480 2142 contritae
501 2083 635 2160 turisque
654 2083 719 2160 pari
738 2080 824 2140 modo
843 2079 941 2160 pulvis
959 2082 1027 2140 vino
1046 2098 1113 2159 per·
1133 2095 1167 2145 38

100 2173 210 2230 mixtus
244 2178 273 2230 et
307 2169 397 2230 fronti
425 2169 528 2231 inlitus
555 2178 704 2230 tumorem
731 2168 886 2230 oculorum
919 2168 1111 2247 doloremque

101 2259 191 2319 sedat.
238 2257 349 2319 Crebro
378 2259 565 2319 lacrimantes
593 2257 695 2319 oculos
723 2266 756 2320 nt
783 2260 929 2339 exsicceS,
957 2257 1109 2319 lucernam
1133 2272 1166 2322 33

100 2346 165 2407 oleo
193 2347 314 2408 cedrino
342 2347 486 2427 repletam
515 2365 727 2427 accensamque
752 2349 941 2428 superposito
964 2347 1010 2408 vel
1033 2349 1114 2409 iuxta

58 2451 86 2492 25
101 2453 246 2514 suspenso
270 2455 362 2496 aeneo
385 2436 504 2497 vasculo
528 2439 667 2516 permitte
691 2439 840 2518 consumi,
868 2436 936 2498 inde
961 2436 1114 2516 fuliginem

100 2523 252 2585 collectam
280 2527 310 2584 in
339 2525 445 2604 pyxide
474 2528 594 2606 cyprino
623 2527 750 2587 reconde
779 2533 809 2586 et
832 2544 901 2587 cum
924 2544 999 2606 opus
1023 2527 1114 2586 fuerit

98 2614 218 2695 inunge,
237 2613 392 2674 miraberis
411 2615 571 2676 efficaciam
591 2614 816 2676 medicamenti*
842 2614 988 2693 Caprinus
1008 2633 1112 2676 caseus
1131 2627 1166 2676 40

99 2719 205 2763 recens
233 2702 404 2782 coagulatus
428 2721 518 2781 supra
542 2703 644 2764 oculos
667 2705 783 2782 positus
807 2702 924 2763 dolores
948 2705 1006 2763 cito
1030 2703 1110 2764 lenit.

98 2789 232 2852 Rumicis
251 2791 376 2852 silvatici
392 2791 522 2851 radicem
540 2790 610 2850 luna
629 2790 821 2850 decrescente
841 2788 944 2868 collige
964 2797 993 2850 et
1012 2798 1112 2850 tecum
1131 2805 1164 2852 41

58 2893 84 2934 co
98 2877 206 2941 habeto
230 2881 421 2941 nitidissime:
445 2878 585 2956 quamdiu
605 2895 669 2936 eam
688 2887 787 2936 tecum
805 2875 955 2955 habueris,
979 2895 1038 2937 non
1058 2877 1110 2955 lip-

10 3018 20 3041 ,
97 2970 171 3047 pies.
200 2969 386 3029 Democritus
401 2967 543 3047 adfirmat,
565 2964 631 3025 felle
643 2964 772 3043 hyaenae
788 2965 813 3024 si
827 2963 909 3023 frons
924 2964 1112 3046 perfricatur,
1130 2978 1164 3027 42

98 3057 257 3136 epiphoras
271 3059 448 3136 incipientes
463 3065 493 3116 et
507 3073 624 3116 omnem
640 3052 793 3114 oculorum
808 3050 939 3112 dolorem
960 3069 1047 3130 posse
1067 3069 1111 3112 se-

98 3145 171 3206 dari.
209 3146 239 3206 Si
264 3145 397 3206 mulieris
421 3145 518 3226 saliva,
543 3163 616 3224 qnae
640 3160 749 3222 pueros
774 3160 832 3202 non
852 3139 964 3220 puellas
984 3138 1111 3201 ediderit
1130 3156 1164 3205 43

97 3241 127 3294 et
148 3234 327 3296 abstinuerit
345 3253 377 3295 se
397 3235 492 3313 pridie
511 3235 579 3294 vino
599 3242 628 3293 et
647 3231 722 3293 cibis
740 3229 906 3292 acrioribus
926 3238 955 3290 et
974 3231 1110 3309 inprimis

57 3335 83 3376 ³⁶
97 3324 124 3382 si
146 3342 222 3402 pura
246 3332 276 3384 et
299 3322 392 3383 nitida
416 3325 481 3404 erit,
505 3321 628 3402 angulos
651 3321 804 3382 oculorum
829 3321 971 3402 tetigeris,
995 3338 1112 3381 ornnem

171 3516 204 3566 10
223 3510 354 3566 ordiaoia.
437 3515 471 3566 to
487 3508 595 3583 pixide.
680 3517 713 3571 m
738 3511 884 3571 efficacia..
964 3501 1163 3575 aeiyquss-

150 3604 161 3612 ,
961 3600 1000 3654 b*
