2438 3802
515 143 752 207 -372-

72 317 107 367 3ο
215 305 350 367 Feniculi
382 307 475 367 farina
509 324 544 366 ex
577 305 772 386 hydromelite
803 306 924 366 decocta
952 315 984 367 et
1012 309 1146 387 inposita

126 394 280 474 chiragrae
303 396 447 456 medetur.

72 495 106 544 31
214 483 378 562 Podagram
403 492 435 544 ut
458 501 561 543 sanare
586 481 705 542 difficile
729 490 788 562 est,
815 485 858 543 sic
881 484 1042 561 incipienti
1067 486 1146 546 inter

126 575 208 633 initia
233 591 393 632 occurrere
416 579 586 649 promptum
611 580 670 651 est3
693 589 760 630 nam
784 573 864 631 inter
881 573 965 632 initia
986 574 1056 633 eius
1076 592 1145 634 cum

126 661 243 720 dolores
271 662 428 737 asperrimi
456 667 539 737 sunt,
567 661 592 719 si
621 662 687 737 quis
714 677 788 720 vena
816 659 938 720 adversa
961 662 993 720 in
1017 660 1169 723 braobioa

125 758 283 828 pungatur,
302 766 360 807 non
380 747 467 806 modo
486 750 638 826 praesenti
656 746 759 808 dolore
773 747 964 829 relevabitur,
984 750 1145 811 sedetiam

125 840 155 895 in
179 844 333 914 posterum
357 844 502 914 perpetuo
526 835 709 896 liberabitur.

72 937 105 984 32
214 922 332 983 Utiliter
355 927 387 983 in
405 924 508 985 dolore
526 933 736 1003 perunguntur
755 925 846 1004 pedes
865 924 938 1006 oleo,
957 927 989 985 in
1010 945 1073 1005 quo
1094 928 1145 989 diu

126 1011 246 1072 decocta
271 1014 331 1072 sint
353 1014 493 1073 intestina
517 1031 669 1094 ranarum3
693 1031 782 1073 ranae
807 1032 925 1093 quoque
947 1013 1077 1076 rubetae
1097 1036 1145 1077 ex·

124 1109 209 1161 ustae
238 1103 313 1161 cinis
342 1120 409 1162 oum
439 1101 571 1163 sambuci
599 1101 732 1162 coliculis
761 1104 873 1162 teneris
900 1104 981 1163 tritis
1009 1112 1042 1164 et
1075 1124 1179 1166 sevon

125 1189 241 1250 hircino
270 1200 371 1250 vetere
399 1193 545 1269 permixto
579 1199 608 1251 et
640 1189 763 1250 decocto
795 1193 967 1270 pariterque
999 1193 1144 1272 imposito

73 1293 106 1341 33
127 1278 258 1357 prodest.
301 1278 381 1339 Folia
411 1282 546 1357 cupressi
569 1281 696 1339 contrita
721 1297 789 1338 cum
817 1281 903 1358 panis
926 1279 1025 1340 mollis
1050 1285 1144 1362 parti-

125 1365 182 1427 bus
205 1366 321 1429 duabus
344 1375 375 1427 et
398 1370 522 1447 axungia
546 1376 647 1427 vetere
669 1365 790 1427 subacta
809 1368 967 1429 medentur
986 1368 1144 1432 doloribus

123 1455 280 1534 podagrae.
1093 1529 1096 1533 ,

71 1558 107 1604 33
215 1543 323 1604 Semen
350 1551 489 1622 genestae
518 1551 639 1604 tunsum
668 1553 697 1604 et
726 1562 794 1604 oum
825 1547 949 1622 axungia
981 1546 1143 1610 subactum
1156 1567 1178 1607 n

71 1645 105 1694 35
125 1632 278 1693 doloribus
302 1632 507 1712 geniculorum
530 1640 668 1710 potenter
691 1631 856 1693 adhibetur.
893 1632 1040 1695 Mustelae
1061 1639 1142 1698 vivae

124 1720 296 1782 combustae
324 1723 399 1781 cinis
428 1738 496 1781 cum
524 1720 589 1780 oleo
615 1739 736 1781 rosaceo
761 1728 791 1781 et
814 1729 897 1782 aceto
920 1723 1012 1800 pinna
1037 1725 1142 1787 inlitus

121 1809 290 1887 podagricis
313 1809 443 1888 prodest.

69 1911 104 1960 36
212 1897 328 1958 Hedera
351 1900 479 1958 contrita
502 1906 618 1958 etcum
638 1915 724 1976 oryza
747 1916 781 1957 ac
800 1897 886 1957 melle
905 1898 1029 1959 decocta
1051 1913 1142 1982 atque

122 1987 153 2044 in
183 2005 275 2047 unum
304 1989 450 2065 permixta
479 1994 509 2046 33
537 1986 633 2046 denuo
661 1988 730 2046 trita
758 1985 905 2065 podagrae
929 1995 960 2046 et
983 1987 1176 2070 chiragraeao

68 2087 102 2137 37
122 2085 152 2134 et
180 2093 341 2136 nervorum
365 2074 578 2136 offensionibus
602 2074 739 2134 medetur
761 2077 898 2152 inposita.
940 2074 1046 2138 Urtiea
1071 2082 1140 2140 trita

122 2182 191 2223 cnm
215 2166 358 2242 sanguine
381 2163 501 2224 milvino
525 2171 576 2223 aut
598 2154 805 2242 palumborum
825 2165 972 2242 permixta
991 2172 1085 2245 atque
1105 2187 1140 2229 ex

122 2269 157 2310 33
180 2252 272 2330 pedes
295 2251 373 2312 inliti
396 2253 558 2313 efficaciter
581 2261 731 2313 sanantur.

49 2391 51 2396 .
67 2353 102 2401 33
210 2339 368 2399 Mirificum
387 2341 534 2419 podagrae
553 2340 718 2400 remedium
738 2358 793 2400 neo
812 2339 962 2419 impendio
982 2353 1139 2423 sumptuo-

122 2444 188 2485 sum
222 2429 281 2487 sio:
320 2427 462 2505 Cupressi
494 2427 602 2508 pilulae
634 2428 806 2509 duodecim,
839 2431 1007 2508 pastinacae
1047 2447 1173 2512 quamn

120 2515 260 2574 minimae
284 2515 407 2576 totidem
432 2517 641 2596 decoquuntur
665 2535 732 2576 cum
756 2519 833 2577 turis
856 2519 936 2577 tunsi
960 2521 1061 2580 unciis
1085 2523 1137 2582 tri-

121 2601 177 2662 bus
202 2621 269 2663 cum
291 2604 348 2664 olei
368 2609 496 2666 sextario
516 2613 546 2666 et
564 2623 656 2683 aquae
675 2605 792 2666 hemina
813 2615 842 2666 et
861 2607 1005 2684 axungiae
1024 2612 1136 2670 veteris

121 2693 218 2753 unciis
246 2690 283 2752 Vl
312 2701 342 2753 et
370 2712 455 2754 cerae
485 2693 673 2775 tantundem,
706 2712 781 2772 quae
809 2696 967 2773 inspissata
1000 2703 1031 2755 et
1066 2717 1135 2759 oon·

121 2781 264 2860 glutinata
287 2800 384 2860 panno
408 2782 491 2842 inlita
515 2781 641 2860 pedibus
664 2782 863 2860 adponuntur.

68 2883 102 2932 33
210 2871 254 2930 Ad
273 2871 432 2949 podagram
453 2889 520 2930 cum
540 2871 655 2930 fervore
674 2878 704 2930 et
717 2878 834 2930 tumore
848 2870 1026 2952 rubicundo,
1046 2891 1135 2952 quam
1149 2890 1172 2932 eo

73 2961 75 2965 ’
122 2958 245 3019 calidam
264 2970 379 3040 vocant,
397 2959 470 3018 baec
489 2958 602 3019 iaciunt
620 2961 724 3038 primis
743 2958 848 3019 diebus
867 2959 1011 3021 adbibita:
1034 2959 1137 3022 Herba

121 3047 284 3107 urceolaris
311 3065 366 3126 per
395 3065 426 3106 se
454 3054 484 3105 et
509 3065 614 3107 caseus
640 3046 736 3108 mollis
764 3065 870 3107 recens
897 3065 951 3127 per
979 3066 1011 3108 se
1040 3051 1136 3129 impo-

122 3137 207 3214 situs,
229 3142 332 3214 postea
351 3134 452 3213 berba,
478 3136 527 3194 oui
545 3135 614 3195 salis
632 3135 771 3213 pusillum
792 3135 954 3197 admiscere
974 3139 1135 3216 oportebit.

120 3221 194 3282 ltem
224 3223 299 3283 bene
333 3223 402 3283 iacit
434 3223 532 3303 apium
564 3223 658 3284 viride
688 3242 742 3302 per
775 3242 806 3284 se
834 3223 880 3284 rel
912 3244 980 3285 cum
1012 3226 1135 3305 polenta

192 3443 206 3492 1
227 3437 358 3497 feniculi
384 3437 497 3516 farina]
521 3432 606 3493 laeui
629 3427 731 3504 graeei
744 3425 841 3482 tanna
857 3423 1156 3484 Utummensis.

1 3565 3 3601 ,
78 3505 121 3555 33
138 3504 250 3583 barbe,
275 3515 339 3590 cui]
363 3515 482 3573 herbae
502 3511 645 3572 Scriboni.
