2438 3802
522 128 760 195 -312-

134 298 195 358 cias
225 294 355 374 singulas
383 295 415 353 in
441 292 594 372 pulverem
622 293 740 372 rediges
768 300 800 354 et
826 311 894 354 cum
922 293 1011 354 melle
1037 297 1160 374 optimo

135 386 309 463 despumato
334 389 478 463 quantum
501 381 629 442 sufficiat
651 381 848 461 permiscebis
875 390 906 443 et
928 384 1031 444 ieiuno
1058 384 1160 446 colico

135 474 214 555 quod
238 475 310 534 satis
333 475 373 533 sit
396 470 488 532 dabis.

20 559 25 570 ‘
78 572 113 623 38
224 562 396 641 Conpositio
429 558 538 619 cohoes
570 577 606 619 ex
635 558 711 620 libro
740 559 918 640 Philonidis,
950 578 1027 639 quae
1064 564 1160 623 etiam

134 652 254 713 Tiberio
271 650 389 711 Caesari
408 646 640 728 conponebatur,
659 666 763 726 graves
783 659 813 710 et
831 651 1012 710 inveteratos
1031 649 1160 713 dolores
1175 673 1187 714 s

134 743 282 820 mitigans,
301 738 374 797 mihi
392 754 511 815 quoque
531 738 743 815 experimentis
757 740 920 819 notissima,
939 739 1050 816 accipit
1066 739 1161 802 haec:

133 830 201 906 Apii
220 828 342 887 seminis
364 825 522 906 heminam,
546 825 646 886 anethi
665 828 797 887 tenuiter
815 826 937 888 arefacti
956 831 1160 910 semunciam,

135 917 263 978 castorei
287 916 482 994 semunciam,
509 932 626 994 myrrae
650 917 846 996 semunciam,
872 916 957 976 nardi
980 918 1087 994 spicae
1114 937 1161 979 se-

134 1007 291 1083 munciam,
316 1005 376 1082 opii
400 1004 591 1083 semunciam,
615 1005 696 1064 croci
720 1007 911 1085 semunciam,
934 1006 1049 1084 piperis
1073 1006 1161 1086 longi

135 1094 326 1171 semunciam,
345 1093 458 1171 piperis
474 1093 553 1170 nigri
566 1093 757 1172 semunciam,
776 1093 943 1172 petrosilini
957 1097 1158 1157 semunciam.
1173 1117 1196 1157 ro

134 1183 242 1262 Apium
266 1181 362 1260 pridie
386 1180 550 1241 macerabis
574 1188 603 1241 et
627 1187 715 1259 teres,
740 1190 839 1242 cetera
860 1182 969 1243 tundes
986 1191 1020 1246 et
1039 1183 1158 1246 cribra·

134 1271 181 1332 bis
204 1278 235 1331 et
257 1272 344 1330 mista
368 1287 436 1331 cum
459 1272 525 1349 apio
549 1271 580 1329 in
603 1271 745 1330 mortario
765 1270 991 1349 diligentissime
1011 1281 1158 1335 conteres

135 1369 165 1421 et
192 1358 279 1420 melle
308 1359 481 1439 despumato
509 1359 620 1436 optimo
649 1358 874 1436 conprehendes
902 1367 990 1438 atque
1018 1363 1051 1421 in
1085 1381 1157 1424 vaso

134 1451 229 1510 vitreo
257 1447 381 1526 condes,
410 1464 478 1507 cum
506 1464 581 1525 opus
609 1446 713 1528 fuerit,
741 1447 824 1508 dabis
853 1448 991 1509 denarios
1015 1451 1157 1529 singulos

135 1557 171 1598 ex
194 1554 287 1616 aquae
312 1535 423 1596 calidae
447 1534 560 1613 cyathis
582 1535 689 1596 tribus.
1098 1616 1101 1621 ¹
1171 1560 1196 1600 15

80 1637 114 1685 39
223 1625 266 1685 Ad
291 1623 349 1685 coli
367 1623 500 1684 dolorem
519 1629 636 1683 stercus
654 1623 799 1686 bubulum
818 1643 923 1686 recens
943 1628 1079 1706 exprime
1101 1649 1158 1708 per

134 1715 259 1776 linteum
282 1713 427 1774 mundum
451 1719 480 1772 et
504 1729 609 1772 sucum
628 1715 693 1773 eius
712 1716 743 1773 in
762 1713 893 1793 qualibet
911 1717 1033 1793 potione
1055 1717 1157 1780 colico

135 1805 171 1864 da
194 1802 369 1883 bibendum,
393 1802 493 1862 statim
516 1801 688 1883 subvenics3
715 1803 793 1881 quod
817 1803 983 1864 remedium
1006 1804 1158 1868 efficacis·

80 1903 116 1952 40
136 1895 244 1954 simum
277 1909 343 1952 esse
373 1890 466 1951 multa
494 1893 696 1970 experimenta
728 1891 903 1952 docuerunt.
949 1892 1085 1971 Papauer
1119 1915 1157 1957 ex

134 1999 210 2061 aqua
233 1980 327 2040 mulsa
352 1979 509 2040 decoctum
533 1979 616 2040 dabis
640 1979 733 2041 colico
756 1982 856 2040 ieiuno
880 1980 1057 2063 bibendum,
1082 2003 1157 2048 cou-
1171 2003 1197 2043 ao

134 2071 233 2131 testim
257 2068 422 2130 subvenies

80 2169 114 2217 41
223 2158 304 2220 lnter
332 2166 454 2236 experta
480 2156 671 2218 subnotatum
695 2166 741 2218 est
763 2158 820 2218 hoc
843 2157 945 2219 colicis
968 2159 1080 2219 mirum
1106 2181 1156 2222 re-

134 2248 265 2308 medium
289 2247 345 2306 sic:
368 2245 431 2306 Fici
454 2247 550 2306 siccae
570 2247 689 2306 unciam
708 2246 729 2327 l,
753 2248 806 2307 iris
827 2246 959 2326 Illyricae
982 2279 1020 2290 -
1042 2247 1064 2329 l,
1089 2259 1155 2312 vet·

133 2338 250 2396 tonicae
277 2332 349 2390 -1
376 2335 407 2392 in
436 2332 523 2392 ollam
550 2351 655 2393 novam
683 2336 783 2394 mittes
812 2354 879 2396 oum
903 2335 1029 2396 bisextio
1055 2356 1155 2416 aquae

134 2431 165 2483 et
192 2441 259 2482 cum
290 2437 380 2498 supra
408 2421 527 2498 scriptis
555 2421 591 2480 ad
615 2421 751 2481 dimidias
775 2441 886 2502 coques
910 2434 940 2486 et
962 2424 1032 2485 inde
1055 2426 1154 2489 hemi·
1168 2447 1195 2488 ss

80 2519 114 2567 42
134 2527 202 2570 nam
236 2507 319 2568 dabis
350 2508 451 2566 ieiuno
484 2508 578 2568 colico
609 2509 774 2586 potandam.
820 2512 932 2594 Herba,
960 2531 1036 2592 qnae
1065 2516 1153 2577 mile·

133 2596 237 2658 folium
256 2594 429 2677 appellatur,
448 2597 518 2656 trita
537 2598 659 2657 euvino
679 2607 797 2660 austero
816 2603 901 2681 nigro
917 2603 1030 2664 utiliter
1046 2604 1153 2666 colicis

133 2684 262 2746 bibenda
286 2685 381 2745 datur.

79 2784 114 2834 43
222 2773 352 2836 Herbam
376 2783 513 2854 nepetam
536 2776 638 2837 dextra
662 2794 752 2838 manu
780 2778 914 2859 colliges,
942 2781 973 2840 in
1002 2790 1152 2859 quantum

133 2865 273 2927 sulficere
300 2882 388 2943 posse
417 2864 594 2946 credideris,
622 2883 746 2944 eamque
775 2867 811 2927 ad
836 2867 985 2929 levitatem
1008 2879 1152 2933 conteres
1166 2890 1193 2930 so

133 2962 164 3015 et
192 2974 261 3016 cum
288 2955 355 3014 vino
384 2952 464 3014 dulci
492 2972 526 3014 ac
554 2962 655 3015 vetere
678 2954 724 3015 vel
746 2955 904 3035 Libyccnsi
927 2958 1020 3018 colico
1044 2961 1151 3022 ieiuno

132 3061 187 3122 per
205 3044 338 3104 triduum
358 3043 454 3124 dabis;
479 3043 531 3103 sed
550 3045 611 3104 vini
629 3043 735 3104 modus
754 3046 793 3104 sit
811 3048 988 3129 quartarius
1007 3048 1150 3111 facillime

78 3138 114 3187 44
133 3132 276 3209 proderit.
309 3131 453 3210 Fuliginis
476 3130 553 3191 bene
571 3133 658 3192 tritae
678 3139 708 3192 et
727 3132 866 3194 criblatae
886 3141 987 3196 ternos
1007 3137 1150 3200 denarios

132 3221 343 3299 pertriduum
367 3238 403 3280 er
426 3238 501 3298 aqua
525 3219 618 3280 calida
641 3223 740 3282 ieiuno
765 3222 858 3283 colico
882 3226 966 3302 potui
988 3225 1083 3290 dabis.

221 3359 239 3408 4
258 3355 386 3411 colluces.
475 3361 489 3408 'i
510 3353 639 3408 eminam.
728 3361 744 3410 8
763 3359 936 3414 castoreuno.
1028 3366 1060 3415 13
1081 3378 1149 3417 eon-

131 3424 284 3494 prehindia.
359 3430 392 3478 14
412 3423 535 3479 dinarius
553 3423 689 3494 singulus.
762 3433 796 3481 23
815 3430 908 3486 uncia.
971 3432 1149 3492 vectonicae.

132 3500 166 3549 31
186 3494 323 3551 libicensi.
396 3502 430 3550 33
449 3498 545 3550 temus
565 3495 703 3552 donamus.
