2438 3802
504 149 746 214 -149-

118 309 224 370 laseris
247 327 337 389 grana
360 309 413 389 111,
437 313 583 372 satureiae
611 311 766 393 pusillum,
794 312 844 374 alii
871 316 968 393 spicas
990 317 1130 378 undecim

118 406 199 458 teres
222 407 253 458 et
275 398 430 460 calefacies
453 399 602 461 llammula
624 403 710 463 tenui
732 411 821 480 atque
843 402 913 463 inde
937 403 1046 465 collum
1064 408 1129 466 eius

118 495 148 547 et
171 487 271 549 fauces
295 487 521 566 diligentissime
545 489 731 571 perfricabis‚
754 493 807 570 qui
830 491 866 552 de
886 491 995 554 tolibns
1016 493 1129 554 labora·

57 590 62 604 ··
114 557 169 636 bit.
210 575 386 637 Remedium
413 577 497 638 valde
525 587 641 639 certum
668 587 699 639 et
723 579 795 640 utile
823 580 953 643 saucium
977 581 1128 643 doloribus
1148 592 1182 643 89

89 667 168 725 asic.
216 664 367 726 Scribes
359 683 390 731 ιιι
414 666 515 727 charta
538 665 627 728 haec:

298 789 397 859 Εἶδον
413 803 532 878 τριμερῆ
550 797 675 880 χρύσεον
696 795 853 864 Τοᾶναδον

299 885 360 948 Καὶ
378 883 577 968 ταρταρούχου
596 885 619 968 †
637 907 755 968 χακεσιν
776 888 985 970 Τονσάναδον,

298 971 407 1038 Σῶσόν
425 998 459 1056 με
478 974 564 1055 σεμνὲ
582 975 724 1058 νερτέρων
742 972 889 1060 ὑπέρτατε.

117 1127 205 1188 quam
228 1107 361 1170 chartam
384 1111 415 1170 in
438 1109 594 1188 phoenicio
618 1109 786 1172 obvolutam
808 1112 869 1173 lino
889 1113 1050 1192 conligabis
1069 1114 1128 1175 col-

77 1217 103 1256 ιο
116 1198 204 1277 loque
228 1198 393 1276 suspendes
416 1200 657 1278 meminerisque,
680 1207 714 1260 ut
736 1201 867 1262 mundus
889 1201 962 1263 haec
985 1202 1076 1262 iacias
1099 1213 1129 1263 et

117 1305 154 1346 ne
177 1288 265 1347 tertia
288 1304 377 1347 manu
401 1289 550 1366 scriptura
572 1295 718 1366 tangatur.

205 1374 317 1435 Gallam
339 1383 459 1436 tunsam
482 1383 512 1436 et
534 1376 694 1436 cribratam
717 1384 806 1455 atque
830 1377 947 1438 alumen
965 1386 1127 1457 utrumque
1146 1388 1181 1437 90

117 1465 220 1541 aequis
243 1463 431 1542 portionibus
455 1482 555 1525 sumes
578 1474 608 1526 et
630 1467 714 1544 prins
738 1468 768 1526 in
793 1465 879 1527 ollam
902 1485 1008 1528 novam
1028 1469 1127 1528 mittes

116 1561 146 1612 et
169 1550 228 1612 mel
251 1551 363 1612 bonnm
385 1560 475 1632 atque
499 1561 616 1615 acetum
635 1557 780 1634 optimum
803 1555 913 1616 adicies
933 1564 963 1616 et
983 1557 1014 1616 in
1033 1574 1127 1616 unum

76 1656 101 1697 ιι
116 1640 265 1719 decoquas
293 1650 382 1720 atque
409 1641 479 1702 inde
507 1643 619 1705 crificia
646 1646 816 1722 gensiarum
845 1653 875 1705 et
898 1645 998 1706 fauces
1022 1646 1128 1705 intrin-

116 1747 203 1790 secus
222 1729 407 1809 periricabis.
443 1729 637 1813 Vettonicam‚
660 1735 861 1815 argimoniam,
884 1733 1051 1814 verbenam,
1078 1752 1126 1794 ru·
1145 1741 1180 1791 91

115 1817 200 1898 bum,
224 1820 426 1898 senecionem,
448 1828 592 1902 mentam,
615 1821 800 1882 cucurbitam
824 1824 946 1902 siccam,
974 1823 1044 1883 hinc
1068 1840 1127 1882 am·

116 1906 194 1985 plius
217 1910 318 1968 mittes
337 1907 441 1968 sardae
460 1917 549 1987 caput
568 1917 707 1991 assatum,
730 1912 843 1989 piperis
864 1910 1023 1989 modicum,
1046 1917 1127 1971 teres

116 1995 191 2057 haec
218 1999 315 2057 omnia
343 1996 501 2076 diligenter
528 2011 558 2058 et
585 1998 725 2058 miscebis
752 2007 783 2058 et
808 2001 851 2059 sic
875 2000 963 2060 etiam
986 2017 1040 2078 per
1063 2000 1127 2078 pin·

76 2083 215 2144 sonulam
239 2084 394 2146 delicatam
417 2086 553 2147 lancibus
576 2089 704 2168 inscres3
728 2088 804 2147 mire
827 2087 884 2149 hoc
907 2087 1039 2148 remedio
1063 2105 1126 2147 car·

115 2172 280 2234 bunculum
303 2182 334 2234 et
357 2175 502 2254 quidquid
522 2175 590 2236 mali
608 2177 685 2237 intra
705 2176 806 2237 fauces
825 2178 883 2237 erit
901 2175 1029 2237 curabis.
1061 2174 1128 2237 Olei
1146 2183 1181 2233 92

115 2261 186 2322 boni
205 2261 344 2341 cyathum
363 2281 455 2324 unum
475 2272 505 2325 et
524 2267 661 2326 sucinum
676 2283 779 2326 verum
795 2266 827 2326 in
842 2264 928 2326 ollam
943 2282 1048 2325 novam
1062 2266 1128 2325 mit·

115 2359 161 2410 tes
189 2358 279 2430 atque
308 2351 344 2412 ad
367 2352 480 2412 medias
503 2353 666 2434 decoqnes‚
696 2354 803 2415 deinde
827 2356 965 2415 sucinum
988 2352 1075 2414 tolles
1098 2361 1129 2414 et

116 2439 276 2499 combures
299 2446 329 2500 et
352 2449 432 2502 teres
450 2450 481 2502 et
498 2442 651 2522 pulverem
670 2445 734 2504 eius
752 2445 784 2503 in
803 2443 901 2504 oleum
925 2460 1015 2521 snpra
1035 2444 1128 2520 scrip·

74 2541 101 2582 ra
115 2535 179 2588 tum
207 2529 310 2588 mittes
340 2537 370 2590 et
401 2548 460 2591 una
492 2533 602 2592 iterum
634 2531 792 2611 diligenter
823 2539 904 2592 teres
936 2541 1025 2610 atque
1058 2530 1127 2591 inde

114 2615 235 2688 tolibus‚
259 2619 397 2696 quotiens
420 2637 496 2698 opus
515 2621 615 2702 luerit,
636 2620 781 2702 adpones3
805 2621 968 2700 experieris
988 2637 1128 2698 magnum

114 2705 289 2766 remedium.

203 2793 247 2854 nd
267 2795 417 2874 parotidas
436 2798 576 2856 convenit
591 2806 717 2856 noctuae
732 2794 913 2856 cerebellum
927 2795 1035 2874 butyro
1054 2797 1127 2855 mix·
1147 2801 1183 2850 93

114 2888 179 2942 tum
198 2883 319 2963 adponi3
338 2883 462 2943 discutit
480 2885 559 2944 enim
578 2883 641 2943 lere
660 2901 710 2942 eas
729 2885 794 2943 sine
813 2882 915 2942 dolore
937 2891 966 2943 et
984 2882 1128 2942 molestia.

73 2984 100 3023 ³⁰
115 2969 242 3049 Oportet
270 2978 370 3032 autem
399 2989 475 3051 aqua
497 2972 611 3031 marina
634 2971 761 3031 ferventi
788 2971 873 3030 noris
906 2969 1036 3048 siongeis
1068 2969 1129 3030 illic

114 3058 260 3121 demersis
285 3069 315 3121 et
338 3060 430 3121 linteo
453 3059 499 3120 vel
523 3057 632 3119 sabano
660 3060 771 3119 intorto
799 3059 951 3136 utrimque
979 3058 1129 3136 expressis

114 3165 258 3227 vaporare
278 3168 327 3210 eas
343 3157 432 3230 atque
447 3151 487 3210 ita
502 3147 629 3208 oblinire
643 3147 700 3208 hoc
714 3147 963 3207 medicamentum
978 3163 1129 3224 superque

187 3308 203 3356 6
229 3299 480 3372 τριμερνχροισὲον.
557 3303 621 3370 fort.
642 3300 783 3357 Θάνατον.
862 3300 1129 3360 Ἰτονσαναδοντες

113 3371 304 3426 madet*
289 3375 446 3428 maurice:
473 3391 551 3428 cono.
664 3371 1034 3454 σεμνερνερτερονντερβατε
1058 3370 1130 3453 (nic).

113 3375 282 3498 llfoenicio.
378 3450 410 3498 16
429 3443 599 3500 redonicam.
691 3449 724 3498 16
743 3441 922 3499 senicionem.
1012 3448 1051 3496 ‘ao
1068 3439 1137 3492 dxix

113 3515 221 3580 getam.
294 3518 328 3568 80
346 3530 448 3583 aquam
467 3514 615 3573 marinam.
688 3513 832 3589 lementrl
846 3513 1007 3585 irequeut'u
