2438 3802
473 128 716 194 -357-

89 291 187 351 Ranas
210 291 353 351 contritas
376 297 427 350 aut
449 297 569 350 ventres
593 307 695 351 earum
719 291 828 351 scissos
851 309 905 370 pro
927 292 1100 371 malagmate
1119 306 1154 356 96

89 378 224 440 articulis
251 380 399 459 inponito,
428 378 589 439 efficaciter
616 397 820 457 quoscumque
849 379 966 441 dolores
997 399 1101 441 eorum

90 467 215 528 sedabis.
252 466 415 527 Vitulinum
438 467 540 528 timum
563 474 716 528 recentem
738 467 872 528 articulis
895 467 1098 529 laborantibus
1118 481 1152 530 97

89 555 207 635 inlines,
234 557 333 616 statim
357 554 524 616 subvenies.

61 662 75 703 a
179 643 224 703 Ad
248 661 388 703 verrucas
407 650 437 703 et
455 643 591 704 clavellos
609 643 720 722 pedum
737 643 901 705 remedium
921 644 1025 705 efficax
1044 647 1100 706 sic:
1119 657 1154 706 98

90 733 241 810 Raporum
260 749 371 814 semen,
395 739 537 811 quantum
558 731 654 793 tribus
673 732 773 811 digitis
792 732 982 810 adprehendi,
992 741 1100 813 potest,

91 820 206 880 adiecto
229 819 323 880 lasere
347 821 509 902 contritum
532 828 562 881 et
582 822 743 899 inpositum
762 829 850 899 atque
869 820 1024 901 inligatum
1043 821 1101 882 cla·

90 907 200 969 vellum
223 909 311 968 etiam
333 910 524 969 morticinum
548 910 661 969 excutit
684 916 714 969 et
738 916 883 986 persanat.

180 995 288 1056 Sardas
316 995 362 1056 vel
389 997 599 1057 salsamentum
627 998 691 1057 sine
720 1014 787 1056 osse
815 1005 1153 1058 9199199919911-99

50 1085 213 1146 1911191119]
236 1085 350 1163 adpone
373 1085 531 1166 varicibus,
555 1087 653 1146 statim
677 1085 806 1164 prodest.

179 1172 327 1233 Verrucas
349 1175 479 1235 minores
500 1181 669 1254 congestas,
692 1191 765 1252 quas
789 1172 894 1233 Graeci
920 1175 1093 1251 myrmecias
1104 1184 1153 1233 199

91 1268 206 1341 vocant,
229 1269 262 1321 111
286 1261 464 1342 abstergeas,
487 1261 544 1322 hoc
568 1262 670 1322 facito:
694 1261 788 1321 Nocte
812 1279 879 1321 cum
903 1260 1013 1320 videris
1032 1261 1100 1321 stel-

91 1349 149 1410 lam
178 1352 263 1428 quasi
284 1351 477 1428 praecipitem
501 1368 533 1411 se
558 1349 595 1410 ad
618 1349 704 1410 aliam
727 1356 842 1428 partem
865 1349 1102 1428 transferentem,

92 1438 196 1498 eodem
213 1446 363 1499 momento
382 1437 488 1518 locum,
506 1440 539 1498 in
557 1456 616 1517 quo
635 1455 777 1499 verrucae
797 1445 894 1517 erunt,
915 1454 1101 1516 quacumque

50 1542 78 1584 ro
92 1545 125 1587 19
152 1526 282 1588 volneris
315 1526 449 1606 deterge,
480 1529 618 1606 protinus
650 1544 753 1587 omnes
786 1526 936 1606 excident3
969 1525 1047 1604 quod
1077 1528 1103 1585 si

91 1633 181 1675 manu
203 1623 254 1676 tua
278 1615 356 1676 nuda
379 1616 410 1676 id
433 1616 550 1695 feceris,
573 1616 715 1676 continno
738 1615 775 1675 ad
799 1633 862 1674 eam
886 1612 1064 1674 transibunt.

180 1703 224 1763 dd
248 1705 370 1784 varices,
397 1705 449 1782 qni
471 1703 685 1765 suffunduntur
708 1710 738 1764 et
761 1703 859 1764 claudi
882 1721 941 1763 non
963 1709 1097 1781 possunt,
1106 1713 1154 1762 101

91 1790 260 1869 lanuginem
284 1791 320 1851 de
343 1810 453 1871 papyro
477 1793 605 1872 adpone,
628 1793 769 1852 continuo
793 1791 977 1870 claudentur,
1002 1791 1033 1850 id
1057 1799 1103 1850 est

91 1878 172 1939 illam
190 1878 369 1960 lanuginem,
387 1897 462 1958 quae
481 1880 570 1941 viridi
588 1898 699 1958 papyro
718 1881 749 1940 in
768 1882 937 1940 summitate
957 1887 1003 1939 est
1018 1881 1102 1957 quasi
1163 1905 1164 1909 ¹

49 1982 79 2023 99
93 1966 246 2046 paniculae
270 1969 435 2028 eminentis.

181 2053 326 2132 Lapillum
353 2055 515 2134 quemlibet
537 2055 702 2117 involutum
728 2056 855 2117 hederae
879 2055 948 2116 lolio
973 2055 1009 2116 ad
1033 2066 1153 2115 ver-102

92 2160 195 2203 rucam
219 2142 381 2224 admoveto,
404 2145 444 2204 ita
467 2151 501 2206 ut
525 2163 589 2205 eam
612 2152 713 2224 tangat
735 2142 860 2224 lapillus,
885 2153 972 2222 atque
996 2146 1037 2203 ita
1056 2162 1102 2204 99-

92 2230 168 2291 lebri
196 2229 261 2292 loco
285 2231 406 2314 abicito,
435 2241 468 2294 ut
491 2232 527 2293 ab
551 2232 648 2312 aliquo
672 2236 811 2294 inventus
834 2232 1003 2313 colligatum
1027 2234 1102 2292 miro

92 2320 180 2380 modo
208 2320 244 2380 ad
273 2319 366 2402 illum,
395 2323 447 2402 qui
470 2321 634 2401 collegerit,
658 2340 799 2383 verrucae
823 2321 1045 2382 transferuntur
1073 2328 1103 2380 et

51 2419 79 2460 ²⁶
92 2408 159 2468 ideo
184 2417 256 2487 quot
279 2410 391 2472 luerint
413 2429 565 2491 verrucae,
588 2417 633 2472 tot
654 2410 760 2491 lapillis
784 2412 864 2490 tangi
887 2409 1005 2471 debent.

181 2496 311 2559 Urticam
339 2499 483 2560 novellam
511 2517 578 2560 cum
606 2508 690 2561 aceto
718 2502 781 2560 acri
803 2508 867 2560 tere
890 2508 941 2560 aut
964 2505 1097 2560 exustam
1105 2508 1156 2557 103

92 2584 215 2646 lomenti
238 2605 320 2647 more
344 2588 459 2665 adpone
482 2586 639 2648 varicibus.

182 2673 225 2732 bd
244 2673 380 2750 pollicem
395 2681 554 2734 contusum
567 2691 675 2734 nucem
688 2674 856 2752 iuglandem
871 2682 939 2734 cute
954 2677 1156 2734 191911919194

93 2758 249 2818 mundabis
272 2768 302 2819 et
325 2759 471 2819 cribrabis
489 2767 520 2819 et
540 2777 609 2819 cum
627 2761 743 2820 modico
762 2760 858 2820 mellis
877 2760 1015 2840 adpones,
1035 2779 1103 2821 con·

52 2860 80 2901 99
94 2847 178 2905 119119
202 2845 327 2905 sanabis.

182 2931 317 2993 Clavellis
340 2939 370 2992 et
394 2929 488 3010 callis,
512 2933 564 3010 qui
586 2934 617 2992 in
640 2932 767 3011 pedibus
791 2933 908 2994 molesti
931 2941 1009 3012 sunt,
1033 2944 1156 2994 san-105

93 3023 159 3100 guis
187 3021 314 3082 lacertae
342 3019 445 3080 viridis
473 3037 541 3080 cum
569 3020 662 3082 tlocco
689 3023 837 3100 inpositus
860 3023 935 3081 mire
957 3020 1103 3081 medetur.

93 3109 247 3171 Lumbrici
270 3112 382 3170 terreni
407 3110 471 3169 triti
494 3127 562 3170 cum
587 3108 651 3170 oleo
674 3111 796 3189 inpositi
819 3117 946 3189 prosunt
969 3107 1156 3170 clavellistoo

93 3201 213 3277 penitus
237 3199 386 3259 eruendis.
427 3197 505 3258 Faba
529 3200 560 3259 in
584 3208 667 3261 aceto
692 3207 722 3260 et
744 3198 821 3259 laser
844 3200 933 3259 missa
957 3206 987 3259 et
1005 3206 1156 3260 111919-191

176 3409 210 3457 11
229 3404 418 3472 fflfflecl'das
441 3407 612 3482 0919199199,
629 3409 756 3469 correxi.
805 3413 845 3462 'bi
862 3385 1169 3472 affigens-sexum&

77 3472 115 3536 cfi
126 3473 202 3528 Poto.
220 3493 246 3530 n.
262 3477 288 3532 o.
305 3482 350 3550 99,
367 3484 410 3536 oo.
476 3488 515 3541 99
534 3475 955 3560 199999119991199919.
