2438 3802
493 149 731 213 -167—

104 313 251 372 stissimae
269 309 351 367 —V
374 312 545 372 intromisso
569 314 600 371 in
624 329 693 372 vase
715 314 783 391 igne
808 311 950 373 dissolves
974 314 1114 375 eundem-

105 419 162 479 que
177 400 323 479 liquorem
338 398 465 459 calidum
480 401 588 460 ceteris
603 400 694 461 rebus
708 400 817 460 adicies
833 403 989 480 omniaque
1003 405 1115 480 pariter

104 508 194 570 super
213 506 319 566 aquam
338 487 501 548 ferventem
521 491 655 550 remittes
675 497 705 549 et
723 488 817 550 calida
835 488 971 567 pthisicis
988 489 1115 551 bibenda

103 577 269 655 praebebis.
302 574 418 637 Herbae
441 579 608 638 senecionis
626 578 729 638 viridis
748 586 889 638 contusae
908 586 938 638 ct
957 597 1115 656 expressae
1134 593 1168 642 90

63 682 77 722 a
105 683 195 726 sucus
219 666 255 726 ad
278 683 449 726 mensuram
473 666 571 744 cyathi
593 669 683 728 unius
711 685 765 745 per
789 666 852 726 dies
876 666 1009 745 singulos
1032 669 1116 747 potui

106 753 192 814 datus
215 754 351 832 pthisicis
375 757 450 813 miro
470 755 601 815 remedio
626 764 680 835 est,
704 757 730 815 si
752 757 918 815 interiectis
941 755 1046 815 diebus
1069 755 1116 816 vel

105 844 215 921 septies
242 845 425 920 propinetur.
472 842 566 904 llatae
594 853 715 905 tenerae
746 846 891 904 contritae
920 862 988 904 cum
1018 863 1114 905 ramu-
1133 858 1167 907 91

104 931 195 991 sculis
223 933 285 991 suis
313 940 343 992 et
370 949 527 1010 expressae
557 951 647 993 sucus
670 951 738 993 cum
762 932 943 1011 aliquantulo
967 932 1113 993 bitumine

103 1038 140 1080 ex
163 1022 231 1080 vino
254 1027 354 1079 vetere
378 1019 472 1080 calido
496 1016 628 1102 (datur)
647 1021 793 1103 pthisicis,
812 1021 950 1082 celeriter
968 1022 1114 1082 sanabun-

62 1125 88 1164 1o
103 1116 166 1189 tur,
194 1107 330 1168 similiter
358 1117 387 1168 et
414 1111 557 1188 cmpyicis
579 1112 611 1170 iu
638 1118 711 1188 potu
741 1110 770 1170 id
794 1109 938 1170 medetur.
987 1109 1115 1171 Oleastri
1133 1124 1167 1172 92

102 1196 171 1257 lolia
190 1196 305 1256 sibene
324 1196 446 1257 decocta
465 1197 574 1258 dentur
594 1201 744 1279 empyicis,
763 1197 901 1258 celeriter
921 1197 1113 1259 sanabuntur.

191 1285 364 1345 Antidotum
392 1285 528 1363 pthisicis
556 1286 786 1365 incomparabile
815 1288 871 1346 sic:
908 1285 1025 1364 Piperis
1056 1285 1115 1346 albi
1133 1301 1167 1349 93

106 1367 210 1459 2111,
234 1391 349 1453 myrrae
375 1366 455 1460 21,
479 1376 656 1452 opopanacis
681 1367 766 1460 21,
789 1375 867 1434 turis
890 1373 1014 1434 masculi
1034 1366 1073 1459 2
1093 1374 1114 1453 1,

103 1464 162 1540 opii
186 1455 266 1548 21,
290 1464 371 1522 croci
396 1462 488 1522 Siculi
514 1455 593 1549 21,
617 1463 776 1541 zingiberis
796 1455 835 1548 2
855 1461 890 1542 11,
914 1462 1018 1522 laseris
1038 1455 1114 1548 21,

61 1569 87 1609 15
101 1559 186 1611 rutae
210 1550 306 1611 siccae
331 1543 426 1636 211,
449 1550 584 1611 abrotani
608 1545 702 1638 211,
725 1553 851 1613 narcissi
871 1544 910 1637 2
930 1550 965 1631 11,
989 1553 1114 1612 vettoni-

101 1658 152 1700 cae
177 1632 275 1725 211,
298 1639 444 1700 marrubii
468 1632 566 1725 211,
589 1640 671 1720 pulei
694 1633 802 1727 2111,
828 1639 923 1700 mellis
947 1639 1115 1719 despumati

101 1730 205 1808 optimi
228 1725 259 1788 e
279 1727 305 1808 1,
329 1729 388 1788 vini
411 1728 528 1789 Aminei
552 1731 748 1810 quartarium,
771 1731 926 1807 papaveris
949 1730 1014 1789 triti
1033 1721 1072 1814 2
1091 1728 1113 1788 1.

100 1817 145 1876 Ex
178 1821 367 1895 quocumque
398 1816 515 1896 liquore
550 1817 607 1878 hoc
640 1817 775 1897 pthisicis
808 1819 998 1896 propinatum
1029 1816 1114 1877 valde

100 1905 241 1983 prodesse
265 1914 460 1985 memoratur,
484 1908 524 1966 ita
547 1914 581 1966 ut
604 1906 640 1966 de
664 1907 801 1966 contritis
820 1905 978 1983 diligenter
1000 1907 1114 1966 mixtis-

61 2010 88 2049 2o
102 2012 159 2072 que
183 1993 341 2073 speciebus
364 1996 510 2072 catapotia
534 1995 606 2054 liant
624 1994 826 2073 magnitudine
848 1993 945 2074 fabae,
969 2002 1115 2072 quaeant

101 2083 215 2160 integra
234 2082 398 2142 haurienda
417 2090 468 2143 aut
486 2082 644 2162 liquefacta
664 2083 772 2143 dentur
791 2089 821 2142 et
837 2100 923 2142 mane
938 2089 968 2142 et
981 2100 1112 2161 vespera.

189 2170 369 2231 Trochisous
398 2171 428 2231 di
456 2171 569 2232 electru
596 2172 870 2250 praestantissimus
894 2171 930 2231 ad
953 2173 1112 2250 aemoptyi·
1131 2185 1167 2234 94

100 2278 162 2340 cos,
185 2260 216 2319 id
235 2267 282 2319 est
301 2262 474 2338 sanguinem
493 2259 540 2320 vel
559 2267 731 2320 excreantes
751 2258 797 2319 vel
816 2267 968 2320 vomentes
987 2259 1034 2319 vel
1053 2278 1113 2340 eos,

100 2350 152 2426 qui
175 2350 301 2408 maxime
325 2367 394 2409 cum
417 2351 494 2410 tussi
517 2351 691 2428 sanguinem
714 2351 832 2428 iactant,
855 2347 945 2409 huius
966 2348 1112 2410 conlectio

60 2454 86 2494 ra
100 2438 156 2497 sic:
189 2437 277 2497 Croci
300 2430 340 2523 2
359 2436 423 2518 XV,
448 2440 545 2498 sucini
569 2430 608 2524 2
631 2437 695 2520 XV,
720 2438 852 2498 masticis
877 2436 966 2497 Chiae
991 2429 1030 2523 2
1054 2437 1113 2518 XV,

100 2527 153 2584 iris
176 2525 308 2604 Illyricae
332 2519 372 2611 2
392 2525 451 2607 XV,
474 2529 536 2606 opii
560 2526 685 2609 11118,
708 2526 815 2607 psyllii,
840 2526 919 2604 quod
943 2534 988 2587 est
1011 2544 1114 2586 semen

99 2615 219 2692 nigrum
245 2616 394 2675 minutum
422 2615 571 2694 pulicibus
604 2617 712 2698 simile,
739 2649 776 2658 —
797 2614 824 2674 11
845 2613 873 2675 S.
919 2614 982 2676 Hoc
1011 2633 1113 2675 semen

100 2720 211 2780 coques
234 2705 265 2762 in
288 2703 406 2763 hemina
430 2722 531 2784 aquae,
555 2703 651 2764 donee
675 2705 765 2764 densa
785 2704 844 2782 liat,
864 2703 1113 2782 quemadmodum

101 2790 136 2850 de
160 2789 213 2850 lini
237 2793 358 2871 semine,
383 2809 471 2869 qnam
491 2790 602 2851 colabis
621 2800 723 2869 postea
743 2799 773 2851 et
791 2791 907 2868 reliqua
926 2794 1024 2851 omnia
1042 2794 1114 2853 trita

60 2895 87 2934 ao
101 2897 137 2938 ex
160 2878 215 2939 hac
235 2897 310 2957 aqna
329 2878 450 2956 colliges
469 2886 499 2938 et
518 2877 658 2938 formabis
677 2878 841 2937 trochiscos
860 2877 1005 2938 habentes
1023 2882 1113 2939 maxi-

100 2985 164 3027 mos
189 2960 356 3053 211118,
380 2965 452 3025 alios
476 2959 575 3051 2111
596 2965 628 3044 8,
652 2967 790 3024 minimos
814 2983 910 3043 usque
934 2966 971 3025 ad
991 2958 1030 3050 2
1050 2966 1062 3024 l
1082 2966 1111 3026 8.

99 3054 142 3115 lta
162 3074 232 3134 ergo
252 3056 351 3134 iacies
370 3062 404 3115 ut
422 3072 477 3133 pro
497 3061 592 3114 aetate
612 3071 690 3113 nnus
710 3054 837 3132 quisque
856 3061 887 3112 et
905 3070 960 3130 pro
975 3055 1110 3132 corporis

99 3144 239 3205 firmitate
263 3145 398 3222 accipere
422 3145 525 3222 possit.

189 3234 232 3292 Ad
257 3251 317 3312 eos,
341 3234 392 3311 qui
416 3234 610 3311 sanguisugas
633 3232 721 3291 inscii
744 3230 895 3305 devorant,
920 3231 1058 3291 cimicum
1081 3232 1113 3292 in
1132 3244 1166 3294 aa

189 3373 206 3419 4
225 3365 381 3437 senitionis,
399 3368 463 3422 item
481 3368 560 3434 tabo
577 3368 694 3437 saepius.
740 3372 755 3420 9
775 3367 859 3421 datur
877 3367 982 3422 addidi.
1031 3372 1064 3422 10
1082 3366 1112 3420 in

99 3453 150 3492 orn.
189 3443 222 3490 13
237 3436 347 3491 mitrae.
388 3443 419 3492 16
435 3437 526 3492 mellis
537 3437 696 3509 despumati
705 3432 887 3514 optimi21.
924 3443 958 3492 22
974 3437 1115 3506 emoptoi-

99 3523 154 3562 cos.
228 3513 262 3562 26
281 3506 387 3579 psyllii]
407 3507 497 3578 pilliu.
