2438 3802
501 136 719 201 ..25-

104 303 134 361 in
164 317 198 359 eo
227 301 295 359 vitia
320 301 448 379 diversa,
477 308 528 361 aut
551 318 588 361 ne
613 303 721 361 iterum
744 319 799 380 per
823 301 950 381 aliquam
975 320 1115 363 venarum

104 395 240 466 erumpat
263 389 299 449 ad
320 407 408 450 aures
427 389 574 468 iaciatque
592 389 743 450 hominem
763 389 896 470 surdum,
920 397 1014 450 totum
1034 394 1115 471 oppi-

104 479 168 539 lans
191 477 333 557 auditum,
357 485 408 538 aut
430 496 546 538 vermes
569 480 600 538 in
624 478 747 539 auribus
770 487 902 558 generet,
926 478 970 538 vel
994 479 1116 540 naribus

104 566 227 647 polypos
251 568 372 647 nutriat,
396 573 447 627 aut
476 566 570 627 oculis
594 567 736 647 aegilopia
760 569 879 648 excitet,
903 576 954 628 aut
976 567 1116 628 dentibus

76 659 144 717 usit
166 654 310 716 molestus
333 664 363 715 et
386 655 474 715 iaciat
492 657 641 716 hominem
666 658 727 716 oris
751 656 836 716 fetidi
860 664 949 735 atque
973 659 1116 736 corrupti,

103 744 159 820 vel,
183 743 262 824 quod
285 745 411 804 maxime
435 744 599 805 cavendum
624 753 677 825 est,
701 763 738 804 ne
761 762 815 823 per
840 762 913 805 uvae
939 745 1116 806 destillantis

104 842 156 894 aut
180 832 364 893 exulceratae
388 834 492 894 vitium
516 835 579 911 ipsa
604 836 715 894 musica
739 833 868 894 hominis
893 842 1033 914 corrupta
1054 834 1115 894 lan·

104 930 226 1001 guescat
252 921 445 1001 pulmonique
474 930 503 982 et
531 923 682 983 stomacho
711 921 826 1001 plagam
849 923 971 1004 inserat,
998 922 1115 984 lumbos

104 1029 224 1090 quoque
254 1028 402 1090 renesque
431 1010 572 1071 dissolvat
605 1018 635 1071 et
663 1013 785 1090 incipiat
813 1030 900 1072 umor
927 1013 1033 1072 noxius
1061 1031 1116 1090 per

64 1102 224 1177 ninguida
253 1107 283 1160 et
310 1117 399 1159 coxas
423 1107 454 1160 et
477 1118 564 1160 crura
588 1100 752 1160 decurrens
775 1100 873 1160 iacere
897 1102 1116 1161 contractiones

103 1188 231 1249 talorum
258 1195 347 1267 atque
375 1206 536 1249 nervorum
562 1188 763 1268 paulatimque
792 1189 905 1250 auferat
928 1207 1049 1266 gressus
1073 1197 1115 1249 to-

48 1346 56 1357 ,
103 1285 193 1358 toque
226 1295 337 1355 organo
369 1275 540 1338 tabescente
577 1277 737 1338 videamini
766 1280 866 1356 potius
894 1279 1116 1355 consumpsisse

103 1365 252 1426 hominem
276 1384 364 1445 quam
388 1384 519 1447 curasse,
542 1384 610 1426 cum
632 1384 700 1426 vere
720 1365 847 1427 violenta
866 1373 961 1426 morte
981 1366 1115 1426 videatur

104 1455 140 1516 de
167 1455 222 1515 hac
250 1454 317 1516 luce
345 1457 482 1534 migrare.
528 1454 602 1515 Nam
631 1457 656 1515 si
680 1473 820 1534 ceparum
844 1454 979 1516 acritudo
1003 1454 1169 1534 aliquo-10

62 1559 89 1601 1⁶
103 1546 181 1604 tiens
200 1542 287 1604 nobis
307 1562 367 1604 non
382 1543 628 1604 manducantibus
645 1545 756 1605 nostris
771 1551 869 1604 tamen
884 1543 978 1605 oculis
993 1544 1115 1604 molesta

103 1641 162 1715 est,
190 1641 241 1693 aut
268 1634 384 1714 senapi,
412 1632 463 1692 ubi
491 1639 521 1693 et
548 1633 607 1693 mel
633 1635 775 1715 mittitur,
802 1632 890 1694 leniri
912 1635 1033 1712 penitus
1056 1651 1115 1692 non

101 1729 214 1802 potest,
242 1721 294 1781 sed
321 1721 419 1782 calore
443 1723 508 1782 eius
531 1730 711 1783 commotum
735 1721 894 1783 cerebrum
916 1725 958 1783 ita
981 1722 1115 1802 desudat,

101 1818 136 1871 ut
160 1809 262 1871 oculos
286 1818 315 1870 ct
338 1828 426 1872 nares
449 1829 517 1871 acer
541 1829 628 1872 umor
652 1811 785 1891 infestet,
814 1811 885 1890 quid
909 1819 1048 1890 putamus
1072 1809 1115 1870 illi

101 1901 265 1979 patiuntur,
290 1899 398 1978 quibus
422 1902 501 1960 circa
525 1898 628 1959 oculos
652 1917 723 1959 cura
746 1918 852 1960 rursus
876 1908 927 1960 aut
949 1902 1012 1978 igni
1034 1899 1115 1959 adhi-

62 2003 88 2045 20
102 1988 191 2049 betur
214 1996 265 2048 aut
289 1985 392 2049 ferro?
435 1987 547 2067 Quare,
570 1989 745 2068 imperator,
768 1987 856 2047 fidem
880 1990 991 2047 nostris
1015 1995 1114 2047 aucto·

102 2077 186 2138 ribus
214 2075 390 2138 adhibentes
420 2095 481 2138 non
509 2075 667 2136 credamus
696 2074 935 2155 quibuscumque
959 2074 1115 2134 medicinis

102 2185 157 2226 nec
177 2165 293 2226 vulneri
312 2165 419 2227 vulnus
438 2164 700 2244 superponendum
719 2173 868 2246 putemus,
888 2163 939 2224 sed
959 2165 999 2224 ita
1018 2165 1115 2241 aegris

102 2254 266 2316 remedium
290 2255 504 2333 porrigendum
528 2272 593 2315 esse
617 2253 782 2334 credamus,
806 2261 839 2314 ut
859 2271 956 2333 neque
975 2252 1115 2331 gravibus

102 2346 258 2404 tormentis
286 2362 384 2422 neque
412 2343 593 2404 intolerabili
615 2343 779 2404 medicinae
803 2344 957 2404 curatione
979 2343 1114 2403 crucien-

63 2440 159 2494 ntur.
206 2432 295 2493 Plura
324 2450 395 2511 ergo
424 2433 460 2493 de
489 2433 694 2494 observatione
722 2433 887 2494 medicinae
914 2433 1018 2512 pietati
1046 2439 1114 2492 tuae

102 2539 135 2582 ac
155 2524 282 2600 posteris
306 2523 367 2582 tuis
386 2521 473 2600 digna
492 2524 635 2582 memoria
654 2522 771 2602 tradidi,
790 2541 865 2601 quae
884 2521 1019 2582 homines
1034 2521 1115 2581 docti

102 2609 138 2670 de
158 2612 288 2689 expertis
307 2610 448 2671 remediis
466 2611 670 2692 prodiderunt,
690 2630 765 2690 quae
784 2620 834 2671 tua
854 2610 952 2670 divina
970 2612 1114 2671 serenitas

102 2716 155 2758 oro
179 2701 323 2778 suscipiat
346 2706 376 2760 et
399 2699 435 2760 ad
459 2701 631 2760 memoriam
656 2701 764 2761 ceteris
788 2699 944 2778 relinquat.

177 2867 378 2924 cdestillantis
399 2874 449 2922 Im
467 2867 632 2922 distillantis
649 2871 707 2922 2m.
792 2874 806 2920 t
825 2867 916 2935 ipsam
936 2867 1068 2922 dissicam
1086 2869 1115 2922 h.

105 2940 271 3007 corruptam.
349 2947 381 2995 16
400 2937 535 3008 mittitur]
555 2936 688 2990 miscetur
708 2936 865 2990 ocrearius.
945 2943 977 2991 19
997 2935 1114 2990 adhibe-

103 3011 149 3063 tur
169 3025 218 3066 om.
