2438 3802
509 105 725 169 ..61-

111 289 179 330 cum
208 270 255 328 ovi
283 275 390 346 aquato
418 267 534 346 liquore
561 286 679 346 perse.
726 266 848 327 Necnon
872 275 901 327 et
923 267 981 327 hoc
1004 267 1161 347 collyri05

112 357 233 437 quidam
251 357 282 415 in
301 358 396 416 initiis
415 364 550 431 utuntur,
575 352 653 435 quod
672 374 688 416 a
707 359 827 416 cinereo
847 355 945 415 colore
966 357 1126 434 spodiacon

111 445 290 525 appellatur,
314 447 493 522 conponitur
517 453 616 505 autem
640 463 675 505 ex
698 444 760 505 his:
789 444 926 505 Cadmiae
950 443 1126 524 botryitidos

111 544 196 595 ustae
225 552 316 612 super
345 541 434 613 testa,
462 533 556 594 donec
585 533 755 613 candescat,
784 540 814 593 et
837 535 905 593 rino
929 531 1054 593 Falerno
1079 553 1126 593 ex-

85 626 223 684 stinctae
243 621 268 681 X
288 621 347 701 XL,
369 631 468 682 cretae
488 621 603 682 Samiae
623 639 711 700 quam
730 629 827 682 astera
847 630 952 682 vocant
971 621 997 680 X
1013 621 1128 702 LXXX,

114 711 197 770 stibii
219 713 296 771 cocti
319 710 344 770 X
363 709 431 790 XX,
460 713 509 789 opi
528 711 553 770 X
572 710 609 791 V,
636 713 765 788 gummis
788 709 1001 770 Alexandrinae
1021 709 1047 770 X
1065 709 1127 770 XX.

115 799 268 859 Teruntur
298 799 370 859 haec
403 802 501 859 omnia
531 794 655 878 'pluviali
687 817 762 878 aqua
795 809 953 879 macerata,
991 799 1127 860 ultimum

116 889 229 966 gummi
255 887 389 948 adicitur.
435 887 511 948 Ante
535 907 605 948 sane
629 895 728 948 cetera
751 887 786 947 ad
810 887 959 948 levitatem
983 905 1128 948 summam

116 985 252 1037 terantur
279 985 309 1037 et
336 995 373 1037 ne
401 979 497 1055 prima
525 976 657 1037 tunicula
685 975 764 1037 oculi
792 994 879 1036 exesa
907 975 1013 1036 aliasve
1046 975 1127 1036 exul·

76 1082 103 1122 10
118 1072 217 1126 cerata
246 1067 296 1146 sit,
325 1073 359 1125 ut
386 1083 496 1144 purum
524 1065 610 1126 ulcus
638 1067 685 1145 sit,
714 1064 839 1125 diluitur
866 1066 914 1124 ovi
942 1063 1019 1144 albo,
1049 1065 1128 1144 quod

115 1163 161 1214 est
184 1153 247 1213 fere
271 1156 488 1214 tenuissimum.
533 1153 692 1233 Collyrium
715 1155 907 1232 psittacinum
931 1172 947 1213 a
970 1153 1069 1214 colore
1088 1156 1128 1214 ita
1148 1166 1164 1214 6

116 1243 229 1303 dictum
254 1243 324 1302 lacit
347 1243 384 1302 ad
408 1243 549 1322 epiforas,
574 1261 648 1321 quae
673 1261 741 1302 cum
765 1244 849 1302 tenui
872 1251 901 1302 et
923 1243 987 1302 aori
1009 1241 1130 1302 lacrima

117 1333 261 1412 existunt,
285 1333 356 1392 item
380 1330 416 1390 ad
440 1333 573 1391 ustiones
598 1339 627 1390 et
651 1329 762 1391 solutas
786 1332 941 1391 cicatrices
964 1340 994 1391 et
1016 1339 1130 1392 vastum

116 1429 273 1500 tumorem,
297 1419 376 1499 quod
395 1421 463 1498 quia
483 1418 548 1479 loco
566 1419 716 1480 interdum
736 1419 853 1480 ridetur
875 1418 1042 1498 propellere
1062 1439 1130 1481 ocu·

76 1522 103 1563 15
117 1508 192 1589 lum,
221 1510 376 1587 proptosin
402 1516 521 1589 vocant,
550 1527 618 1568 cum
642 1511 689 1568 ovi
712 1507 778 1568 albo
803 1508 882 1587 quod
906 1515 952 1568 est
974 1517 1064 1569 tenue
1087 1511 1130 1568 in·
1172 1552 1173 1556 ,

116 1600 251 1679 ponitur,
280 1597 331 1658 sed
354 1599 515 1676 praecipue
539 1597 621 1677 lacit,
650 1615 718 1658 cum
742 1599 827 1676 qraasi
855 1599 998 1676 sanguine
1027 1597 1132 1658 suffusi

118 1694 188 1746 sunt
211 1685 291 1746 oculi
314 1693 344 1746 et
367 1685 404 1746 ob
427 1685 457 1746 id
481 1685 595 1746 nullum
618 1689 676 1746 nisi
698 1685 884 1746 lenissimum
908 1685 1063 1765 collyrium
1081 1704 1130 1764 pa-

117 1777 248 1855 tiuntur,
275 1776 384 1852 recipit
411 1775 509 1835 autem
536 1775 623 1835 haec:
656 1773 742 1835 Croci
761 1773 787 1833 X
805 1773 872 1855 llll,
901 1774 1032 1835 cadmiae
1054 1773 1131 1836 lotae

118 1862 143 1922 Χ
163 1861 230 1942 llll,
252 1863 322 1923 stibi
340 1862 366 1922 Χ
385 1862 452 1942 llll,
472 1865 522 1940 opi
541 1862 566 1922 Χ
585 1863 624 1943 ll,
643 1864 771 1940 gummis
790 1861 816 1921 Χ
834 1862 874 1943 ll,
894 1862 986 1922 amuli·
1003 1865 1133 1923 recentis

77 1967 104 2006 ao
119 1961 149 2013 et
177 1951 341 2012 dulcissimi
365 1950 472 2010 Xllll.
509 1950 622 2010 Eodem
646 1950 758 2029 ordine,
783 1968 842 2028 quo
866 1952 976 2029 scripta
1000 1959 1079 2030 sunt,
1102 1953 1134 2010 in

118 2042 261 2101 mortario
294 2039 404 2100 debent
436 2041 494 2100 teri
526 2057 562 2098 ex
585 2057 661 2117 aqua
684 2037 812 2116 pluviali.
859 2037 997 2098 Amulum
1026 2046 1133 2118 autem,

118 2147 187 2190 cum
217 2131 275 2189 iam
304 2128 475 2207 lingendum
505 2130 561 2188 erit
585 2126 753 2207 collyrium,
782 2126 935 2188 adicietur.
981 2127 1133 2187 Interdum

119 2225 217 2278 autem
244 2226 274 2278 et
296 2218 353 2278 hoc
377 2219 671 2296 superinunguantur
696 2218 748 2296 qui
770 2218 856 2295 prius
878 2215 1057 2295 Athenippio
1081 2235 1132 2277 cu·

119 2308 176 2366 rati
209 2314 286 2366 sunt.
333 2305 386 2365 His
414 2307 477 2365 lere
506 2305 635 2386 collyriis
662 2305 780 2366 lenibus
813 2307 924 2387 omnia,
958 2324 1033 2386 quae
1066 2324 1134 2367 cum

82 2409 108 2450 ss
123 2404 239 2455 tumore
263 2403 293 2454 et
316 2393 417 2454 dolore
442 2395 517 2455 finiit
540 2396 618 2455 circa
643 2395 754 2476 oculos,
777 2395 984 2456 remediamus.
1022 2395 1170 2457 Perua-7

120 2485 234 2544 ctiones
254 2482 408 2544 oculorum
427 2483 614 2562 lippientium
638 2487 699 2545 sive
723 2486 920 2564 inunctiones,
942 2503 1018 2564 quae
1037 2484 1134 2563 appel-

120 2572 220 2632 lantur
252 2572 423 2653 galacticae,
455 2572 625 2633 huiusmodi
659 2583 742 2634 sunt:
776 2572 1025 2652 crocomagmatis
1058 2572 1083 2632 X
1113 2571 1135 2650 l,

121 2679 237 2740 myrrae
265 2668 295 2721 et
323 2663 404 2721 croci
428 2660 453 2721 X
476 2660 540 2742 Vll,
569 2661 706 2723 aluminis
734 2663 797 2722 fissi
821 2661 915 2742 XVI,
943 2664 1020 2722 turis
1045 2660 1070 2720 X
1090 2659 1135 2740 Vl,

122 2752 249 2828 gummis
268 2748 293 2808 X
308 2748 357 2827 Vl,
377 2768 462 2810 rosae
481 2749 563 2809 lloris
583 2749 608 2808 X
623 2749 668 2810 Vl.
705 2749 779 2809 Vino
798 2748 870 2809 Chio
890 2768 950 2809 non
970 2750 1046 2809 salso
1067 2767 1135 2809 con·

81 2852 224 2917 sospersa
247 2846 388 2898 teruntur
410 2837 483 2896 haec
507 2837 604 2895 omnia
628 2835 798 2914 diligenter,
822 2836 928 2896 deinde
952 2837 1086 2896 conlecta
1106 2839 1136 2896 in
1160 2871 1166 2880 ·

121 2926 251 3006 collyriis
281 2933 332 2987 aut
360 2924 460 3004 pilulis
489 2932 684 3002 reponuntur.
730 2922 890 2982 Perunctio
918 2925 1072 2982 oculorum
1101 2925 1172 2985 ads

122 3034 239 3076 omnem
264 3014 436 3095 epiphoram
461 3013 532 3073 satis
556 3010 651 3072 utilis:
682 3009 767 3070 Croci
795 3043 830 3051 -
857 3010 883 3090 l,
907 3028 1025 3070 murrae
1050 3043 1091 3052 —
1116 3011 1137 3094 l,

122 3106 367 3183 crocomagmatis
389 3135 427 3146 -
448 3101 474 3184 l,
498 3103 575 3162 aeris
598 3100 681 3160 floris
703 3131 740 3142 -
762 3097 788 3180 l,
810 3097 948 3159 aluminis
971 3099 1034 3158 fissi
1056 3131 1094 3141 -
1115 3099 1137 3180 l,

122 3195 200 3254 turis
221 3191 250 3254 Β.
295 3192 339 3253 Ex
363 3194 430 3252 vino
450 3199 589 3252 teruntur
612 3189 686 3251 haec
705 3191 823 3268 optime.
863 3187 915 3248 His
935 3187 1059 3250 Cosmus
1078 3207 1138 3248 rne-

196 3405 212 3454 3
231 3399 386 3468 botryidos.
473 3403 568 3468 bpost
586 3401 681 3453 estora
699 3398 763 3453 add.
783 3397 896 3452 samias.
982 3403 1023 3451 ta.
1041 3396 1095 3465 em
1105 3395 1161 3447 sin.

127 3473 161 3523 15
180 3468 365 3540 promptosin.
438 3474 472 3524 23
490 3467 634 3543 henippio.
709 3474 742 3528 Ἡ
766 3469 927 3545 galaticae.
