2438 3802
462 125 503 134 -
551 88 705 152 342—

79 259 196 313 mentae
220 253 286 312 suci
309 252 411 312 viridis
436 243 544 338 ²9⁴V¹⁷
574 250 785 330 staphisagriae
810 241 920 334 Ml,
948 251 1010 310 iris
1035 250 1106 333 llly-

80 342 159 401 ricae
179 333 219 427 }
238 340 284 420 Vl,
308 340 445 401 aluminis
465 341 551 400 scissi
570 331 610 424 2«
630 337 675 418 Vl,
698 356 814 417 myrrae
835 330 873 424 ᾖ
895 337 945 417 ΙΙΙ,
971 342 1106 402 seminis

78 428 188 490 herbae
212 429 437 510 symphoniacae
461 429 557 488 siccae
577 419 684 513 2111.
714 425 794 487 Haec
814 428 912 486 omnia
931 431 1105 506 separatim

78 521 149 579 trita
178 518 265 579 simul
293 515 434 577 miscebis
462 524 491 576 et
518 518 628 576 iterum
657 515 747 575 simul
768 523 861 595 teres3
889 515 958 576 iude
986 519 1105 598 empla-

79 614 175 666 strum
199 606 289 665 facies
313 605 358 665 vel
383 605 537 683 pittacium
567 611 597 664 et
624 621 718 682 pones
744 606 776 664 in
800 604 897 664 dextri
920 604 1012 682 pedis
1037 606 1129 687 pol-s

77 693 144 773 lice,
167 711 234 753 cum
258 695 302 753 uti
321 692 450 752 volueris
469 711 587 773 venere,
611 700 641 753 et
664 711 732 753 cum
753 710 871 753 cessare
891 692 1039 777 volueris,
1064 696 1103 757 ad

78 783 194 841 sinistri
217 781 301 859 pedis
325 781 461 860 pollicem
485 782 657 841 transferes.

42 883 58 930 9
167 867 209 928 Ad
239 871 386 948 cepariam
414 872 560 934 satureiae
589 872 684 930 siccae
712 869 817 929 liorem
845 869 949 948 collige
973 879 1008 932 et
1032 873 1101 952 pul-

77 975 177 1018 verem
201 959 270 1018 inde
296 958 383 1019 lacito
406 967 436 1019 et
455 958 618 1019 melilotum
638 957 779 1018 combure
799 966 829 1018 et
847 958 1005 1036 pulverem
1026 962 1100 1023 inde

77 1046 179 1127 iacito;
203 1046 340 1107 similiter
363 1047 400 1107 de
424 1048 554 1128 cydoneo
579 1048 658 1106 sicco
683 1045 848 1126 combusto,
870 1048 960 1107 etiam
984 1048 1026 1109 de
1051 1069 1099 1132 eo,
1113 1069 1136 1108 ιο

78 1138 129 1213 qui
156 1137 187 1195 in
215 1135 320 1197 arbore
349 1134 424 1197 solet
452 1138 550 1197 siccus
578 1152 746 1214 remanere,
769 1135 922 1213 pulverem
946 1135 1042 1198 facito
1067 1149 1100 1202 et

78 1222 199 1283 cribelio
223 1224 391 1285 medicinali
415 1243 532 1284 ornnem
556 1223 708 1303 pulverem
732 1241 821 1284 cerne
842 1231 873 1284 et
890 1225 1045 1303 permisce
1067 1235 1099 1289 et

77 1330 146 1372 cum
169 1314 237 1372 vino
260 1321 360 1372 vetere
385 1311 526 1373 calefacto
549 1312 648 1373 locum
671 1310 777 1392 inline‚
801 1314 889 1374 etiam
912 1311 1007 1373 linteo
1033 1315 1098 1378 illic

77 1401 212 1480 adposito
236 1410 316 1480 tege,
341 1403 381 1460 ita
405 1407 513 1481 tamen,
536 1409 570 1462 ut
593 1401 668 1461 duae
692 1408 791 1478 partes
815 1402 874 1461 sint
898 1399 933 1460 de
959 1407 1098 1466 satureia

76 1497 106 1549 ct
134 1488 265 1567 singulae
294 1489 329 1549 de
357 1488 487 1548 meliloto
517 1497 547 1549 et
575 1489 721 1569 cydone03
750 1489 801 1550 sed
831 1490 969 1568 quotiens
995 1493 1096 1555 medi·
1112 1510 1136 1551 ιε

76 1595 180 1638 camen
203 1595 306 1658 pones,
329 1580 397 1637 vino
421 1585 520 1637 vetere
545 1576 639 1637 calido
663 1579 747 1656 prius
771 1577 868 1639 locum
892 1576 968 1639 elue.

24 1675 57 1724 10
164 1665 292 1745 Myrram
307 1668 338 1725 in
352 1665 506 1744 pulverem
521 1665 763 1726 delicatissimum
778 1666 879 1744 redige
894 1667 974 1727 etad
989 1666 1097 1731 locum

76 1755 210 1834 cepariae
234 1755 356 1815 adsidue
381 1773 449 1815 cum
472 1756 540 1814 vino
564 1763 663 1814 vetere
687 1773 777 1835 pone,
800 1757 875 1815 mire
899 1755 1096 1820 remediabis.

24 1853 55 1902 11
165 1843 209 1903 dd
238 1844 383 1904 intantum
411 1843 565 1904 testiculos
593 1845 715 1903 vitiosos
744 1843 790 1903 vel
818 1851 968 1904 tumentes
992 1863 1096 1908 reme·

76 1931 157 1992 dium
182 1932 285 1992 efficax
309 1934 366 1992 sic:
389 1933 542 2012 ironeam,
567 1949 641 2011 quae
665 1948 718 2009 per
741 1931 823 1992 filum
847 1950 933 1992 suum
954 1950 988 1992 se
1008 1951 1094 1997 sum·
1110 1953 1135 1994 ao

74 2022 176 2102 mittit,
191 2021 307 2099 quando
323 2039 443 2081 sursum
457 2039 561 2080 versus
576 2021 680 2099 currit,
695 2037 765 2099 rape
781 2029 892 2081 etcum
907 2038 983 2098 aqua
993 2023 1096 2086 calida

75 2110 175 2169 tritam
199 2111 341 2168 continuo
365 2109 401 2168 da
424 2109 529 2169 infanti
552 2108 717 2169 bibendam.

22 2207 55 2255 12
163 2196 207 2256 Ad
236 2195 445 2256 abundantiam
478 2199 599 2257 seminis
629 2197 859 2276 praeparandam
888 2214 1009 2258 erucam
1040 2199 1094 2262 de·

18 2356 22 2369 .
74 2291 188 2343 coctam
212 2283 302 2362 bibat,
327 2285 465 2361 quotiens
489 2286 615 2363 quisque
639 2287 738 2363 inopia
758 2287 879 2345 seminis
899 2303 930 2346 se
949 2283 1093 2351 laborare

73 2372 268 2450 perspexerit,
291 2370 338 2429 vel
361 2373 461 2449 potius
484 2372 607 2432 adsidue
630 2374 776 2434 incoctam
800 2373 965 2436 manducet.
1107 2393 1133 2434 sa

22 2470 55 2519 13
163 2458 207 2518 dd
227 2459 337 2518 veretri
356 2477 458 2519 curam
478 2462 729 2539 auripigmentum
747 2469 778 2522 et
796 2461 880 2521 aloen
895 2465 999 2542 aequis
1012 2481 1091 2543 pon-

74 2546 196 2607 deribus
219 2549 323 2607 tritum
342 2554 372 2608 et
391 2549 421 2607 in
440 2548 591 2628 pulverem
611 2548 764 2611 redactum
783 2549 922 2610 miscebis
941 2558 972 2611 et
990 2554 1089 2612 uteris

75 2654 144 2696 cum
167 2638 235 2696 vino
260 2643 360 2697 vetere
384 2638 433 2715 ita,
457 2646 490 2698 ut
513 2641 597 2716 prius
621 2647 770 2699 veretrum
794 2641 862 2698 vino
882 2647 982 2700 vetere
1004 2638 1089 2702 eluas

22 2736 55 2786 14
76 2734 106 2786 et
125 2727 168 2786 sic
187 2725 381 2786 medicamine
400 2729 588 2806 consperges.
621 2727 664 2787 Ad
684 2729 793 2787 veretri
813 2726 944 2788 dolorem
963 2746 1089 2791 caseum

73 2817 227 2894 caprinum
252 2814 363 2875 etmel
386 2817 451 2894 pari
473 2815 605 2895 pondere
630 2817 660 2875 in
682 2815 811 2894 pultario
834 2816 918 2877 fictili
936 2835 1034 2896 coque
1056 2827 1089 2880 et
1103 2834 1129 2874 so

73 2903 119 2964 bis
150 2904 185 2964 ad
215 2904 292 2964 diem
323 2906 456 2986 impone,
490 2904 541 2964 sed
572 2911 639 2964 ante
667 2905 734 2963 vino
763 2912 863 2964 vetere
891 2904 1004 2986 locum,
1033 2908 1089 2986 qui

20 3003 52 3052 15
74 2993 224 3053 curandus
248 3000 308 3071 est,
332 2991 421 3053 eluas.
463 2991 543 3052 Folia
566 2993 655 3071 myrti
677 2993 795 3052 ieiunus
819 2994 1032 3055 commanduca
1056 3002 1089 3057 et

71 3083 103 3140 in
127 3081 360 3141 ulcera-veretri
383 3098 488 3161 expuo,
512 3082 611 3141 statim
634 3079 775 3158 proderit.

19 3181 51 3230 16
159 3169 203 3228 Ad
229 3177 362 3229 tumores
386 3177 416 3230 et
439 3167 556 3229 dolores
579 3167 785 3230 testiculorum
810 3168 941 3230 brassica
964 3171 1085 3233 incocta

65 3275 135 3318 cum
152 3256 216 3320 sale
236 3259 305 3320 trita
319 3259 524 3341 impositaque
542 3257 685 3339 prodesse
704 3257 890 3337 adiirmatur3
911 3261 1084 3335 pastinacae
1099 3275 1127 3318 aa

131 3454 171 3506 34
197 3454 346 3531 brassica]
368 3457 405 3528 ef.
425 3449 729 3516 Poeniceum.
