2438 3802
104 151 187 230 sacit3
206 150 340 209 nascitur
354 148 442 207 etiam
457 145 525 206 bilis
540 146 623 206 acida
638 153 668 207 et
682 163 788 225 amara,
806 163 880 223 quae
896 145 1006 205 dicitur
1022 152 1120 206 mater

104 237 286 299 morborum.
318 235 391 296 Bilis
406 237 484 297 enim
500 252 568 296 cum
584 243 639 317 est,
654 237 784 296 concitat
798 233 919 294 calores.
953 233 994 294 De
1008 235 1120 312 pituita

103 328 257 406 perfrictio
282 326 427 405 nascitur,
456 342 531 403 quae
556 323 626 384 lacit
650 323 781 383 dolorem
804 325 1028 403 intestinorum,
1058 329 1120 384 tor-

104 419 202 477 siones
217 417 305 476 etiam
321 413 571 493 inflationemque,
589 431 664 491 quae
679 430 789 490 corpus
803 419 951 472 extenuat.
990 410 1120 490 Sanguis

104 516 203 566 autern
226 524 241 564 a
265 504 356 563 nimio
380 501 448 562 cibo
471 503 621 580 nimiaque
644 503 764 580 potione
788 502 894 578 incipit
916 499 1068 560 abundare
1088 508 1120 561 et
1146 516 1158 557 o

104 594 250 655 cruditate
280 593 495 669 conrumpitur.
537 588 595 659 Qui
623 608 691 651 cum
715 596 855 668 evagatur
883 596 966 649 extra
994 606 1119 651 cursum

103 690 235 760 naturae,
258 680 348 739 infert
372 678 468 757 aliqua
488 681 608 757 corpori
625 681 703 758 vitia,
723 686 753 739 et
771 680 803 738 in
822 695 1008 756 quacumque
1031 685 1118 755 parte

104 777 269 847 corruptus
288 766 433 848 incubuit,
452 767 554 844 fatigat
573 774 603 827 et
621 767 719 827 laedit.
756 766 830 826 Nam
849 768 969 844 sanguis
989 768 1118 826 animam

104 876 223 936 quoque
246 858 330 917 vitiat
354 865 384 916 et
406 855 475 916 inde
495 874 527 916 os
547 855 676 917 hominis
694 857 801 934 incipit
823 855 925 929 fetere.
972 853 1046 915 Cum
1072 863 1118 916 ost

105 965 175 1026 ergo
190 944 306 1023 integer
320 946 449 1024 sanguis
468 946 595 1005 animam
610 947 674 1004 sine
689 943 780 1004 dubio
795 944 958 1026 coufirmat,
975 950 1008 1004 ut
1023 947 1118 1022 possit
1133 961 1157 1001 1o

104 1035 198 1114 frigus
218 1029 405 1112 caloremque
424 1033 532 1094 fortius
552 1035 709 1094 sustinere.
742 1032 779 1092 At
799 1051 867 1092 curn
886 1031 1017 1092 abundat
1037 1051 1118 1093 cum·

104 1143 161 1202 que
185 1123 282 1184 calore
306 1125 419 1183 animae
443 1124 664 1202 conrumpitur,
688 1121 721 1180 fit
745 1123 857 1200 sanies;
887 1129 951 1182 tum
975 1129 1004 1181 et
1028 1120 1119 1182 bilem

104 1221 197 1273 atram
221 1211 382 1273 concitabit
405 1218 435 1271 et
458 1210 587 1272 calorem
610 1209 760 1271 interdum
780 1228 813 1269 ac
832 1209 926 1288 frigus
947 1210 1035 1270 faciet
1054 1228 1119 1270 cor·

103 1305 228 1380 porique
252 1304 391 1362 universo
415 1299 588 1378 languorem
609 1301 783 1378 animaeque
802 1297 911 1359 malum
931 1298 1053 1358 odorem
1072 1299 1119 1359 vel

68 1397 85 1444 4
104 1390 266 1451 anhelitum
289 1391 385 1450 faciet.
423 1387 487 1458 Quo
511 1387 627 1448 facilins
646 1390 738 1466 igitur
758 1387 920 1447 commodis
939 1386 1118 1448 valetudinis
1133 1403 1158 1445 15

104 1478 238 1539 truamur
261 1485 291 1538 et
315 1477 501 1538 incommoda
525 1478 663 1556 vitemus,
688 1477 886 1555 prognostica,
909 1475 940 1535 id
964 1483 1010 1535 est
1033 1494 1118 1554 prae-

104 1569 255 1627 currentia
278 1567 357 1647 vitia,
377 1565 470 1642 signis
493 1563 678 1625 naturalibus
702 1582 916 1641 cognoscamus
939 1566 1118 1644 cognitaque

104 1655 304 1736 emendemus,
318 1655 356 1714 ue
370 1654 523 1714 mortifera
537 1653 617 1713 fiant.
650 1651 796 1722 Quattuor
810 1655 903 1731 igitur
917 1653 1119 1731 disponuntur

104 1744 238 1821 corporis
257 1752 367 1822 partes,
386 1743 471 1802 cuius
491 1744 574 1821 origo
592 1744 624 1802 in
644 1743 740 1820 capite
755 1749 801 1802 est
816 1749 846 1801 et
860 1742 989 1821 thorace,
1009 1741 1117 1803 deinde

103 1839 207 1891 venter
230 1832 368 1911 sequitur
392 1839 422 1892 et
444 1833 551 1894 vesica.
587 1831 631 1891 lta
655 1849 725 1908 ergo
748 1829 883 1891 locorum
906 1832 1032 1891 istorum
1057 1833 1115 1891 sin·
1130 1847 1156 1888 so

68 1927 187 1981 deeras
210 1929 295 1983 notas
319 1938 541 1999 cognoscemus.
587 1919 722 1980 Hominis
746 1921 810 1979 sani
833 1921 918 1979 urina
943 1937 1028 1979 mane
1052 1920 1117 1980 alba

103 2012 168 2091 erit,
187 2018 255 2071 unte
274 2010 432 2088 prandium
451 2010 525 2085 rusa,
549 2011 650 2088 pransi
672 2025 780 2068 rursus
801 2008 934 2089 candida,
957 2009 1029 2068 item
1048 2016 1116 2069 ante

103 2117 206 2158 cenam
229 2116 341 2159 russea.
378 2097 438 2158 Nec
463 2115 517 2174 ego
540 2104 639 2157 tamen
661 2097 870 2156 necessitatem
888 2096 1055 2174 prandendi
1073 2099 1116 2157 iu-

102 2189 197 2266 posui,
216 2185 268 2245 sed
287 2188 380 2263 magis
399 2188 515 2245 urinam
530 2194 561 2244 et
574 2192 709 2263 tempora
722 2184 866 2245 naturalia
881 2184 1006 2245 ostendi.
1043 2184 1116 2246 Can·

103 2272 171 2333 dida
195 2276 274 2334 enim
297 2275 383 2334 urina
408 2273 496 2334 debet
519 2291 598 2352 esse,
627 2272 679 2334 ubi
702 2274 834 2334 cruditas
858 2292 918 2333 non
942 2282 1000 2354 est,
1029 2292 1115 2334 mane
1130 2290 1156 2331 no

103 2363 204 2440 quieto
228 2380 363 2442 corpore,
387 2361 493 2422 deinde
517 2371 616 2423 motus
640 2365 704 2441 ipse
726 2370 756 2422 et
775 2361 972 2423 deambulatio
999 2365 1116 2424 urinam

102 2449 204 2510 turbat
238 2452 406 2529 excitatque
438 2452 567 2511 vesicam
600 2451 727 2531 ideoque
755 2450 914 2512 coloratior
942 2453 982 2512 lit.
1030 2450 1116 2522 Quod

103 2541 129 2599 si
152 2557 237 2599 mane
261 2541 346 2599 urina
371 2541 529 2599 mutaverit
552 2539 691 2621 colorem,
714 2539 844 2600 ostendit
867 2539 991 2601 subesse
1010 2543 1115 2602 vitium

68 2636 83 2684 6
103 2629 294 2708 infirmitatis,
314 2627 392 2706 qnod
409 2636 508 2688 tamen
522 2630 652 2708 propriis
667 2628 786 2689 indiciis
800 2627 1007 2708 intellegimus.
1040 2627 1114 2689 Cum

103 2718 182 2777 enim
201 2735 217 2777 a
237 2718 333 2796 eapite
352 2716 475 2779 morbus
494 2719 600 2798 oritur,
619 2716 694 2778 solet
711 2720 816 2796 capitis
835 2716 918 2778 dolor
938 2735 1113 2798 conparere3
1128 2733 1155 2774 eo

103 2814 175 2867 tunc
194 2814 224 2867 et
242 2805 400 2885 supercilia
419 2816 587 2887 gravantur,
607 2815 741 2885 tempora
759 2806 876 2886 saliunt,
896 2824 983 2867 aures
1001 2815 1116 2888 sonant,

103 2895 182 2956 oculi
201 2894 364 2976 lacrimant,
383 2914 472 2956 nares
491 2896 621 2974 repletae
641 2896 763 2956 odorem
781 2912 841 2954 nou
861 2896 1002 2955 sentiunt.
1040 2895 1115 2957 Cum

103 3002 138 3044 ex
162 2984 209 3045 his
232 3002 303 3063 ergo
328 2982 437 3063 aliquid
462 2984 577 3064 accidit,
601 2992 689 3063 caput
712 2985 834 3062 purgari
857 2990 975 3061 oportet
995 2983 1051 3045 bac
1070 3003 1115 3044 ra-

102 3074 191 3133 tione.
229 3071 341 3152 Hysopi
369 3080 419 3133 aut
447 3072 562 3132 cunilae
589 3070 717 3133 bubtdae
745 3071 919 3132 fasciculum
948 3089 1115 3150 comaque

173 3214 189 3262 3
208 3205 360 3276 torsiones]
379 3207 471 3260 tortor
488 3207 529 3261 uel
547 3208 646 3262 tortus.
706 3213 722 3261 6
738 3209 873 3275 evagetur
886 3208 997 3277 scripsi:
1016 3220 1113 3259 ovace-

100 3276 148 3330 tur
170 3279 226 3332 eod.
251 3281 403 3331 evacuatur
422 3276 580 3332 Coruorlus.
673 3282 705 3332 12
729 3276 823 3332 enimc
841 3284 901 3336 2m.
988 3280 1020 3328 lo
1038 3273 1113 3327 vele-

101 3345 208 3402 tudinis
227 3353 276 3402 lm
295 3345 460 3401 valitudinis
478 3353 538 3405 2m.
611 3353 646 3403 30
665 3349 847 3420 comparere}
857 3351 1022 3417 temperare.
