2438 3802
477 129 719 195 -263-

88 297 141 352 aut
173 291 273 351 fumus
306 297 440 371 emanet3
477 289 681 352 efficacissime
717 291 897 352 incommodi
935 294 1000 354 eius
1032 294 1105 354 vitio

89 378 211 442 carebit.

178 469 263 529 Asini
290 485 378 529 renes
406 468 529 528 arefacti
556 476 645 548 atque
669 470 768 531 exusti
790 471 926 549 tritique,
950 469 980 530 id
1004 478 1050 531 est
1073 473 1105 532 in
1125 483 1159 532 72

88 557 242 638 pulverem
270 558 480 618 tenuissimum
508 556 634 638 redacti,
663 565 693 618 et
720 577 756 619 ex
779 576 919 620 mensura
942 558 1105 620 conchulae

61 649 181 708 suuius
209 665 278 707 cum
306 648 368 707 vini
395 647 471 706 meri
498 645 611 725 cyathis
641 645 758 708 duobus
785 649 989 728 strangurioso
1020 649 1105 728 potui

91 737 152 797 dati
175 735 336 796 efficaciter
359 735 525 795 medentur.

180 822 281 884 Verris
309 824 434 885 silvatici
460 823 565 884 lotium
591 842 660 884 cum
684 843 736 885 sua
759 827 873 886 vessica
896 828 928 887 in
951 826 1032 887 fumo
1056 844 1104 887 su·
1124 839 1159 890 tt

91 930 233 992 spensam
256 921 286 974 ct
308 913 497 974 adservatum
520 914 732 992 stranguriosis
752 933 821 976 cum
839 917 959 994 potione
978 917 1106 977 mixtum

89 1003 175 1082 potui
203 1001 304 1062 datum
331 1002 536 1062 efficacissime
564 1001 694 1080 prodest.
740 1001 797 1064 Pili
825 1007 939 1084 caprini
967 1003 1107 1066 conbusti
1125 1017 1160 1068 74

48 1108 75 1147 ιο
90 1093 213 1170 tritique
242 1097 272 1152 et
299 1092 330 1151 in
357 1091 478 1170 potione
508 1091 569 1150 dati
597 1093 818 1169 stranguriosos
845 1101 984 1172 potenter
1007 1084 1106 1154 emen·

89 1180 168 1241 dant.
205 1178 416 1240 Pediculorum
439 1181 616 1258 agninorum
639 1179 832 1241 decoctorum
855 1183 902 1242 ius
923 1183 1008 1260 potui
1026 1199 1105 1242 sum·
1125 1195 1159 1246 ⁷5

89 1276 174 1347 ptum
192 1270 406 1348 stranguriosis
424 1267 586 1346 plurimum
605 1268 736 1346 prodest.
762 1269 896 1330 lreuacei
910 1287 979 1329 caro
994 1272 1105 1348 optime
1125 1284 1159 1334 va

91 1357 212 1418 decocta
235 1365 323 1436 atque
347 1360 378 1417 iu
402 1356 468 1417 cibo
493 1364 610 1435 sumpta
633 1359 846 1436 stranguriosis
869 1360 944 1419 mire
967 1357 1106 1419 subvenit

93 1453 124 1506 et
147 1447 206 1507 cito
229 1445 393 1507 naturalem
417 1447 522 1506 urinae
546 1463 668 1508 cursum
692 1445 811 1508 relaxat.

48 1549 75 1589 15
182 1533 303 1596 Cocleae
327 1535 437 1596 crudae
461 1536 606 1596 contritae
630 1553 699 1596 cum
722 1537 808 1597 testis
831 1537 894 1597 suis
913 1543 943 1596 et
962 1553 998 1596 ex
1017 1553 1104 1615 passo
1124 1549 1158 1600 vv

91 1641 146 1702 per
169 1623 232 1684 dies
256 1632 370 1703 septem
394 1632 445 1685 aut
464 1631 498 1685 ut
520 1623 683 1703 plurimum
706 1642 813 1686 novem
836 1627 921 1704 potui
940 1624 1023 1686 datae
1043 1625 1105 1685 cili·

90 1714 202 1773 caciter
230 1713 367 1791 dysuriae
394 1721 529 1792 prosunt.
575 1713 674 1774 Amuli
697 1715 879 1775 semunciam
902 1716 991 1775 terito
1015 1721 1105 1792 atque
1125 1723 1159 1774 ⁷8

90 1801 190 1862 addito
214 1819 303 1862 ovum
325 1819 432 1862 recens
457 1803 575 1862 eteius
603 1804 651 1862 ovi
678 1809 785 1863 testam
813 1810 860 1863 ter
882 1821 969 1881 passo
992 1801 1105 1881 inpleto

91 1890 180 1969 idque
209 1889 350 1969 poculum
377 1889 429 1951 diu
456 1892 598 1968 agitatum
626 1899 657 1952 et
684 1891 878 1952 fervefactum
902 1893 1105 1970 strangurioso

50 1991 78 2032 20
93 1997 211 2038 reverso
240 1998 256 2038 a
284 1978 408 2038 balineis
437 1980 518 2059 dato,
549 1981 628 2039 omni
656 1999 725 2041 eum
749 1980 850 2041 dolore
874 1998 907 2040 ac
931 1979 1106 2041 difficultate

92 2066 230 2128 celeriter
253 2066 396 2128 absolves.
429 2067 514 2128 Cicer
537 2070 694 2130 arietinum
714 2071 745 2130 in
765 2087 841 2148 aqua
859 2068 1017 2147 decoquito
1036 2086 1106 2129 cum
1126 2078 1159 2130 19

91 2156 151 2217 sale
174 2175 299 2237 eamque
323 2159 526 2235 strangurioso
545 2156 581 2218 ad
601 2155 688 2218 binos
707 2158 828 2238 cyathos
847 2156 1006 2218 bibendam
1027 2157 1106 2237 dato,

90 2246 252 2306 efficaciter
267 2248 387 2307 iuveris.
419 2244 521 2306 Fimus
539 2244 730 2326 palumbinus
744 2250 776 2307 iu
790 2245 952 2308 sorbitione
967 2253 1105 2326 sumptus
1124 2257 1159 2308 80

90 2353 126 2395 ex
150 2333 217 2395 taba
240 2335 316 2396 iacta
340 2334 512 2396 admirabile
536 2338 750 2414 stranguriosis
768 2343 901 2416 praestat
923 2334 1075 2396 auxilium.

48 2436 75 2477 ae
180 2422 345 2485 Turturum
363 2424 452 2484 timus
471 2442 507 2485 cx
523 2423 619 2486 mulso
634 2434 738 2487 coctus
753 2432 782 2486 et
797 2427 892 2486 ceroti
906 2423 993 2486 modo
1007 2425 1106 2486 ventri
1125 2436 1158 2487 81

90 2531 123 2573 ac
147 2512 271 2574 renibus
295 2512 457 2573 laborantis
475 2515 623 2592 inpositus
643 2514 805 2576 efficaciter
823 2513 954 2594 prodest.
989 2512 1106 2575 Mentae
1125 2527 1159 2576 aa

89 2601 166 2662 bene
194 2603 282 2662 tritae
311 2601 448 2662 cocliaria
476 2602 534 2662 duo
564 2621 600 2663 ex
628 2621 704 2683 aqua
732 2602 826 2664 calida
853 2605 952 2664 ieiuno
976 2621 1031 2682 per
1054 2603 1106 2664 tri-

90 2690 182 2751 duum
202 2690 294 2772 dabis,
313 2692 454 2751 continuo
475 2694 617 2752 vessicam
635 2692 780 2752 relevabis
796 2693 971 2770 urinamque
986 2689 1106 2752 laxabis.

90 2777 176 2838 Pulei
203 2778 378 2840 fasciculum
405 2780 437 2839 in
464 2779 521 2840 olla
548 2798 624 2840 nova
652 2799 688 2840 ex
716 2781 785 2840 vino
813 2788 914 2840 vetere
942 2778 978 2838 ad
1001 2781 1106 2840 tertias
1125 2796 1160 2846 83

49 2878 77 2919 ⁸⁰
92 2865 241 2945 decoques
260 2876 291 2928 et
305 2869 453 2948 exprimes
468 2877 556 2947 atque
576 2867 686 2928 colchis
706 2877 737 2928 et
756 2887 791 2928 ex
807 2869 875 2926 vino
895 2867 995 2926 ieiuno
1011 2875 1106 2927 stran-

91 2956 212 3033 gurioso
234 2958 371 3035 potiones
395 2956 526 3035 singulas
545 2975 599 3035 per
618 2957 749 3017 triduum
770 2953 862 3015 dabis.
892 2952 1035 3034 Lapillus,
1054 2955 1107 3032 qui
1125 2979 1161 3028 84

91 3046 242 3105 invenitur
269 3046 301 3106 in
329 3047 495 3125 scorpionis
519 3047 627 3106 marini
649 3045 756 3126 cauda,
782 3045 872 3104 tritus
895 3041 1008 3103 utiliter
1031 3040 1107 3103 bibi·

91 3139 142 3192 tur
165 3151 233 3194 cum
256 3136 323 3194 vino
347 3152 363 3195 3
386 3137 599 3214 strangurioso.

197 3287 375 3343 4conculee.
427 3293 460 3343 10
480 3287 686 3358 stranguriosis.
747 3285 887 3344 emendet.
941 3285 1107 3356 11331131-

90 3356 182 3411 lorum
199 3359 313 3428 acrv'pti:
331 3357 515 3428 pecullorum.
580 3365 613 3413 12
632 3359 776 3415 ireuascei.
843 3363 876 3414 lv
895 3357 1024 3430 prosunt]
1043 3374 1108 3428 prc-

89 3428 200 3484 sternit.
308 3434 342 3485 23
362 3430 499 3499 sumptos.
609 3436 643 3485 24
661 3431 788 3501 praestet
806 3430 920 3500 scripsi:
938 3431 1107 3500 praesestst.

90 3503 125 3554 28
144 3498 292 3558 releuauis.
366 3507 399 3556 31
419 3499 546 3570 lupellos.
