2438 3802
480 135 719 201 -209-

89 295 193 356 viridis
211 295 422 356 manducatum
441 298 535 376 iuvat,
559 315 626 357 nam
650 306 680 358 et
699 316 835 358 somnum
855 299 993 361 conciliat
1012 310 1042 362 et
1060 302 1104 362 di·

89 387 255 464 gestionem
278 393 370 463 parat.

180 471 351 550 Conpositio
374 474 578 534 medicaminis
600 474 740 555 subtragi,
764 475 843 554 quod
866 477 937 537 lacit
960 476 996 537 ad
1020 477 1158 556 dige·101

91 563 218 622 stionem
247 570 276 622 et
303 563 374 622 vitia
402 562 547 622 stomachi
579 565 640 622 sive
673 563 845 645 aqualiculi,
877 567 986 645 accipit
1017 565 1104 627 haec:

63 649 263 717 cPetrosilini
280 648 464 712 Macedonici
482 684 517 693 -
535 650 570 731 ll,
589 654 648 730 apii
667 655 789 713 seminis
805 685 844 696 -
860 653 882 734 l,
901 653 1001 715 siselei
1016 687 1055 698 -
1071 653 1105 732 V,

89 740 204 817 piperis
229 737 322 818 -V,
346 747 469 818 nepetae
492 748 649 800 montanae
676 740 802 820 -llll,
825 742 907 822 pulei
929 744 1002 804 sicci
1024 744 1105 822 quod

90 829 123 888 in
145 826 228 887 inmo
252 846 310 888 non
335 828 425 888 fuerit
451 860 489 870 —
510 827 577 908 llll,
600 828 693 908 thymi
717 832 790 890 sicci
813 833 1009 912 semunciam,
1033 830 1105 911 liby-

91 916 161 976 stici
183 917 271 976 etiam
295 918 417 977 seminis
443 950 481 958 —
502 916 538 996 ll,
560 917 660 986 inulae
683 917 792 979 radicis
815 927 920 981 tunsae
940 930 1028 999 atque
1047 923 1104 981 eri·

91 1003 193 1064 bratae
217 1007 409 1085 semunciam,
432 1005 591 1083 zingiberis
610 1009 801 1067 semunciam.
837 1008 882 1068 Ex
900 1009 947 1069 his
966 1010 1104 1070 omnibus

50 1118 78 1159 no
91 1093 190 1153 tunsis
209 1100 297 1172 atque
317 1094 455 1154 cribratis
474 1093 628 1172 pulverem
645 1095 852 1156 mollissimum
872 1097 972 1177 iacies,
994 1097 1105 1158 adicies

92 1181 199 1241 deinde
228 1181 322 1242 mellis
351 1184 457 1261 optimi
484 1183 651 1262 despumati
679 1191 822 1262 quantum
845 1187 997 1263 putaveris
1026 1187 1106 1245 mitti

91 1278 240 1349 oportere,
259 1269 289 1329 id
310 1279 356 1331 est
375 1279 408 1331 nt
428 1289 520 1349 prope
536 1271 665 1350 liquidae
680 1289 714 1332 ac
732 1280 911 1351 temperatae
926 1272 1025 1350 colligi
1038 1291 1105 1351 pos-

92 1359 153 1418 sint
176 1361 292 1437 species
317 1377 406 1438 supra
428 1362 570 1439 scriptae,
594 1368 624 1420 et
643 1362 685 1420 sic
704 1355 850 1420 recondes
868 1362 899 1420 in
919 1378 987 1421 vaso
1011 1363 1106 1421 vitreo

92 1453 211 1508 etcum
233 1447 363 1508 volueris
386 1450 513 1527 ieiunus,
537 1467 606 1508 cum
624 1457 723 1510 tamen
747 1459 776 1509 te
798 1449 947 1528 digestum
966 1450 1107 1529 senseris,

50 1559 78 1602 ιε
92 1535 210 1615 singula
232 1536 376 1596 coclearia
404 1555 463 1596 non
489 1536 660 1614 plenissima
684 1539 839 1598 matutinis
863 1537 946 1599 horis
969 1539 1106 1616 accipies.

183 1623 335 1686 Confectio
359 1625 552 1706 epithematii,
576 1625 655 1704 quod
680 1626 823 1688 stomachi
847 1635 978 1687 vetustas
998 1637 1163 1687 eansaslon

94 1713 231 1774 emendat
254 1721 284 1774 et
303 1713 339 1773 ad
359 1714 555 1792 digestionem
574 1715 737 1795 confirmat,
761 1717 869 1794 accipit
887 1715 973 1776 haec:
998 1714 1107 1775 Serum

95 1803 257 1882 taurinum,
282 1821 393 1880 ceram,
416 1802 575 1862 medullam
599 1805 761 1882 cervinam,
785 1805 943 1882 axungiam
966 1811 1107 1884 veterem,

96 1889 224 1950 resinam
246 1890 486 1971 terebinthinam,
509 1891 616 1951 horum
635 1891 768 1969 pondera
792 1892 907 1970 singula
926 1891 1059 1971 aequalia
1078 1898 1108 1952 et

51 2001 83 2045 20
98 1976 192 2038 mellis
206 2011 248 2023 —
262 1979 311 2060 lll,
331 1981 462 2039 masticis
480 2011 515 2022 -
533 1977 573 2038 lll
592 1979 682 2039 simul
700 1979 854 2059 miscebis3
874 1997 950 2058 quae
968 1979 1107 2058 liquanda

96 2066 215 2149 fuerint,
233 2067 361 2147 liquabis
379 2069 441 2146 igni
460 2075 490 2127 et
509 2085 584 2146 qnae
603 2067 763 2148 tundenda,
782 2071 813 2127 in
829 2067 982 2148 pulverem
996 2070 1108 2128 tenuis·

95 2157 203 2216 simum
232 2157 350 2235 rediges
378 2165 407 2217 et
435 2156 603 2216 coniectum
626 2155 810 2216 medicamen
833 2156 925 2217 linteo
949 2156 1041 2216 denso
1064 2158 1108 2216 in·

95 2243 187 2306 duces
215 2254 245 2305 et
272 2244 425 2306 stomacho
454 2243 500 2305 vel
527 2244 692 2304 visceribus
723 2245 869 2324 adpones,
901 2245 981 2324 quod
1008 2252 1108 2305 tamen

94 2341 163 2394 ante
186 2342 370 2394 momentum
393 2334 509 2413 prandii
533 2333 649 2394 detrahi
672 2336 818 2395 convenit.

52 2443 80 2484 25
183 2422 271 2483 Aliud
291 2422 524 2502 epithematium,
542 2423 622 2502 quod
641 2422 677 2482 ad
697 2423 815 2484 easdem
834 2422 979 2484 stomachi
998 2433 1163 2485 causastoa

95 2510 256 2571 efficaciter
280 2511 411 2592 prodest,
434 2513 491 2572 sic:
515 2511 646 2572 Storacis
670 2545 712 2555 -
731 2511 767 2593 ll,
790 2512 927 2573 aloes-
950 2510 985 2593 ll,
1009 2520 1108 2590 petro·

95 2598 175 2659 silini
199 2633 241 2642 —
260 2600 285 2680 l,
310 2618 395 2660 cerae
418 2600 449 2660 P.
469 2599 490 2678 l,
517 2601 603 2661 nardi
625 2600 656 2660 P.
675 2599 697 2681 l,
720 2603 852 2662 masticis
874 2632 912 2644 —
933 2599 969 2680 ll,
992 2603 1109 2660 resinae

95 2688 199 2748 frictae
227 2688 259 2749 P.
279 2688 291 2748 l
311 2688 344 2769 S,
373 2692 488 2749 resinae
516 2689 736 2750 terebinthinae
763 2723 802 2732 —
825 2688 866 2769 113
895 2707 970 2768 quae
998 2688 1110 2766 liquida

96 2784 186 2836 erunt
204 2787 234 2838 et
253 2796 328 2857 quae
344 2777 495 2837 tundenda
512 2777 648 2835 similiter
663 2784 696 2835 ut
712 2795 802 2854 supra
817 2778 937 2855 scriptis
952 2776 1110 2852 speciebus

54 2885 82 2925 ao
97 2864 187 2925 iacies
203 2875 233 2927 et
248 2865 385 2927 similiter
399 2863 582 2923 medicamen
596 2881 692 2939 usqne
707 2863 743 2921 ad
758 2863 861 2922 horam
875 2863 994 2941 prandii
1007 2865 1110 2922 uteris.
1176 2935 1177 2938 Ἴ

185 2955 259 3016 ltem
274 2953 353 3015 aliud
368 2951 601 3031 epithematium,
616 2949 696 3028 quod
710 2957 791 3009 arete
807 2949 926 3026 dicitnr,
940 2949 1019 3026 qnod
1035 2949 1165 3010 iacit104

96 3042 132 3102 ad
152 3051 283 3105 vetustas
303 3059 407 3103 causas
427 3038 580 3120 stomachi,
599 3038 707 3115 accipit
725 3037 811 3098 haec:
832 3036 1017 3098 Cardamomi
1031 3069 1075 3079 -
1089 3035 1110 3116 l,

96 3130 188 3191 libani
212 3166 254 3174 -
273 3132 299 3210 l,
323 3149 408 3191 cerae
435 3161 473 3172 —
494 3126 545 3209 Vl,
568 3129 684 3188 resinae
710 3123 836 3207 -llll,
864 3125 988 3185 storacis
1016 3156 1053 3166 -
1075 3123 1112 3206 Il,

98 3219 156 3280 olei
180 3222 296 3300 cyprini
315 3252 357 3262 —-
376 3218 398 3299 1,
422 3220 482 3278 vini
505 3218 615 3278 veteris
637 3216 794 3276 heminam.
833 3212 1059 3276 Cardamomum
1083 3221 1114 3274 et

187 3355 345 3409 bseseleos
364 3355 525 3410 Carnarius.
580 3352 706 3409 ethimi.
760 3351 884 3407 libistici.
945 3355 977 3404 12
997 3348 1113 3418 liquide.

97 3427 304 3552 {ffeffi'gg
319 3429 352 3478 15
371 3425 500 3480 cocleari.
557 3429 590 3480 16
609 3424 685 3493 quod
704 3423 843 3480 stomachi
861 3438 912 3478 orn.
971 3426 1006 3476 26
1026 3421 1115 3475 storn-

161 3538 167 3564 ,
307 3537 313 3550 .

149 3595 308 3648 Menoeceus,
321 3603 362 3636 nn.
375 3594 537 3641 Humidus.
929 3584 986 3650 ,Ἃ
