2438 3802
482 151 721 217 -105—

91 317 184 379 sedat.
227 315 400 376 Terrestres
422 314 561 375 lumbrici
584 314 723 375 conbusti
746 333 780 375 ac
803 317 867 375 triti
890 322 920 376 et
943 334 1012 377 cum
1036 329 1160 379 rosatoe

89 405 203 486 liquida
231 406 317 465 mixti
344 404 494 484 infusique
523 406 640 464 aurium
673 403 791 464 dolores
820 406 962 465 citissime
995 405 1107 466 sedant.

89 496 151 556 Lac
175 493 320 555 muliebre
343 496 467 553 mixtum
492 511 560 554 cum
582 492 703 571 sulpure
727 492 878 553 auriculae
898 490 1032 558 infusum
1054 495 1161 555 do-110

90 586 187 646 lorem
200 583 287 663 lenit3
307 582 464 660 epiphoras
479 600 598 661 quoque
613 600 715 642 earum
730 581 861 662 resolvit,
875 581 932 643 hoc
946 585 1108 660 potentius,

62 677 120 737 asi
147 676 236 734 etiam
268 673 455 732 extrinsecus
483 671 588 730 eodem
616 671 691 732 lacte
720 689 808 732 aures
836 673 1020 749 perunxeris.
1072 670 1161 731 Sitti

92 764 228 824 dextram
252 778 353 821 aurern
378 778 451 838 aquia
476 762 610 837 ingressa
629 760 727 840 foverit,
751 762 873 820 sinistro
892 761 968 839 pede
987 762 1108 820 insistes

94 862 126 912 et
154 857 241 928 caput
266 851 297 909 in
326 849 459 908 dextram
482 856 596 927 partem
619 849 789 930 inclinabis3
818 849 955 910 similiter
978 849 1108 910 faciese

96 940 222 1016 diverso,
244 940 269 997 si
288 940 409 998 sinistra
433 937 563 997 auricula
587 955 693 1015 aquam
716 941 874 1017 acceperit.
911 939 980 999 Gari
998 940 1161 1018 optimine

95 1027 233 1108 cyathum
265 1045 371 1106 unum,
403 1026 499 1086 mellis
531 1028 635 1104 optimi
663 1027 819 1087 dimidium
847 1028 999 1108 cyathum,
1032 1030 1110 1088 aceti

51 1140 77 1179 ιο
92 1118 200 1197 optimi
226 1116 378 1195 cyathum:
406 1115 479 1175 haec
506 1117 597 1175 mixta
625 1117 656 1175 in
684 1115 776 1176 calice
803 1135 878 1176 novo
902 1117 994 1177 denso
1019 1135 1109 1194 super

93 1223 200 1286 aquam
224 1204 397 1283 ferventem,
423 1223 511 1282 quam
534 1204 594 1264 leni
616 1221 712 1282 pruna
735 1204 850 1264 fervere
873 1204 973 1284 facies,
996 1208 1036 1264 ita
1060 1205 1109 1264 de·

95 1293 259 1374 spumabis,
288 1299 321 1353 ut
349 1292 472 1372 pinnula
500 1310 602 1352 omnes
631 1310 751 1370 spumas
779 1294 882 1370 eirias,
910 1291 1017 1352 deinde
1041 1311 1109 1352 cum

95 1385 170 1444 bene
193 1383 286 1443 fuerit
309 1381 516 1460 despumatum
540 1381 731 1460 medicamen,
755 1380 900 1439 recondes
924 1390 953 1439 et
976 1399 1044 1440 cum
1066 1383 1110 1441 uti

94 1472 232 1550 volueris,
251 1471 413 1548 tepefacies
433 1478 463 1530 et
481 1472 612 1530 tenuiter
631 1468 770 1529 infundes
790 1477 819 1528 et
835 1468 998 1529 madefacta
1013 1469 1111 1529 lanula

52 1582 78 1623 15
93 1579 198 1623 aurem
221 1560 348 1620 claudes.
386 1557 449 1618 Hoc
473 1559 688 1619 medicamento
710 1559 745 1618 ad
765 1576 851 1618 omne
870 1559 975 1618 vitium
994 1561 1111 1619 aurium

94 1652 219 1711 mirifice
247 1651 355 1728 uteris3
384 1648 436 1708 sed
461 1650 487 1708 si
510 1657 610 1709 tumor
633 1648 783 1708 auriculae
807 1650 876 1727 erit,
906 1666 1011 1707 sucum
1035 1648 1110 1706 cori·

94 1739 182 1800 andri
200 1738 304 1798 viridis
324 1737 456 1815 tepidum
471 1740 554 1816 prius
569 1737 717 1817 infundes,
738 1737 845 1797 deinde
860 1754 949 1814 supra
965 1738 1110 1814 scriptum

93 1827 287 1906 medicamen,
307 1844 375 1886 cum
394 1835 495 1886 tumor
512 1826 663 1900 desiderit,
683 1825 847 1885 instillahis.
881 1824 1060 1885 Purulentae
1076 1833 1163 1885 etna

94 1916 239 1976 obtunsae
264 1914 414 1976 auriculae
438 1923 468 1975 et
491 1914 624 1974 dolorem
648 1914 733 1974 tolles
755 1921 785 1974 et
804 1913 938 1974 auditum
957 1916 1111 1974 confirma·
1150 1967 1160 1978 .

52 2020 80 2065 ao
96 2007 245 2066 tissimum
269 2003 390 2083 reddes,
419 2006 445 2063 si
472 2005 557 2081 prius
585 2002 666 2062 eluas
695 2020 759 2062 eam
784 2001 879 2061 lasere
905 2021 972 2062 cum
997 2006 1111 2063 recenti

95 2096 218 2172 caprino
242 2101 294 2154 aut
317 2093 451 2152 mulieris
475 2091 549 2152 lacte
574 2093 733 2170 permixto,
756 2091 863 2150 deinde
887 2091 1013 2150 instillas
1036 2093 1110 2169 tepi-

87 2183 167 2244 dum
200 2181 240 2242 fel
271 2185 423 2242 taurinum
453 2197 523 2241 curn
550 2180 620 2240 oleo
643 2180 765 2240 cedrino
792 2181 896 2258 aequis
922 2179 1111 2257 portionibus

95 2273 197 2332 mixto.
243 2269 333 2330 Follis
361 2280 411 2330 aut
438 2270 524 2353 lactis
548 2272 646 2330 canini
670 2261 709 2356 pl·
733 2267 759 2349 l,
786 2268 883 2329 mellis
907 2270 1012 2347 optimi
1035 2260 1165 2354 21114

96 2359 245 2439 miscebis,
269 2368 407 2420 conteres
431 2362 514 2419 etin
538 2359 645 2437 strigili
669 2358 824 2418 calefacies
848 2368 877 2418 et
898 2357 1048 2418 auriculae
1068 2360 1111 2419 in-

54 2466 81 2508 to
96 2449 204 2509 fundes
228 2458 257 2508 et
280 2447 345 2507 lana
369 2448 521 2528 occludes3
544 2447 618 2509 nihil
639 2450 788 2527 potentius
807 2466 903 2527 neque
923 2449 1036 2508 certius
1055 2447 1112 2508 boc

96 2538 301 2616 medicamine,
320 2539 407 2597 etiam
428 2539 453 2596 si
472 2539 654 2598 intrinsecus
674 2540 897 2599 canceraverint
911 2555 1007 2598 aures.
1038 2536 1165 2596 Car-115

98 2627 151 2687 dui
174 2625 300 2685 silvatici
324 2643 425 2686 semen
446 2644 482 2686 ex
502 2626 566 2686 oleo
586 2645 697 2705 coques
716 2629 756 2686 ita
776 2627 864 2706 lente,
888 2646 925 2687 ne
944 2634 1058 2705 uratur,
1082 2625 1111 2685 id

96 2714 209 2776 colabis
232 2733 286 2793 per
306 2715 429 2775 linteum
451 2727 481 2775 et
499 2716 632 2793 tepidum
651 2715 791 2774 infundes
810 2724 840 2774 et
858 2732 990 2792 purpura
1010 2732 1112 2773 aurem

97 2803 262 2864 obturabis.
307 2803 405 2863 Herba
434 2803 589 2862 leucadion
616 2821 685 2861 cum
714 2804 842 2861 vinaceis
865 2805 896 2861 in
920 2820 1014 2862 uuum
1037 2805 1165 2863 tritatit

55 2908 83 2951 to
98 2893 274 2971 adiectoque
298 2900 381 2952 aceto
410 2899 440 2950 et
463 2908 537 2968 aqua
566 2891 714 2948 conmixta
742 2907 883 2966 expresso
912 2908 966 2966 per
988 2889 1112 2949 linteum

98 2999 171 3042 suco
200 2982 264 3041 eius
292 2990 322 3040 et
350 2997 417 3039 crim
444 2977 508 3037 lana
533 2976 597 3036 alba
621 2975 744 3035 auribus
767 2977 880 3035 inserto
903 2984 971 3053 post
994 2979 1112 3035 tertiam

97 3070 178 3130 diem
206 3078 341 3147 exempta
365 3067 498 3128 auditum
521 3066 680 3126 restituere
705 3063 886 3124 adfirmatur.
924 3063 1165 3144 Cardamum‚11‘1

98 3159 127 3218 id
157 3167 203 3218 est
231 3160 429 3235 nasturcium,
462 3159 566 3216 tritum
595 3171 663 3215 cum
691 3153 747 3212 fico
776 3159 865 3230 atque
892 3151 1041 3212 auriculae
1069 3154 1112 3212 in·

98 3247 194 3307 ditum
222 3247 282 3326 his,
312 3250 363 3324 qui
386 3248 504 3324 gravius
529 3245 665 3322 audiunt,
689 3241 831 3322 prodesse
855 3241 959 3302 fertur.
1003 3239 1166 3302 Oleumilss

171 3453 327 3522 tsulpore.
369 3417 587 3521 operuncxeris.
629 3456 769 3520 osquam.
807 3449 862 3504 Sei
876 3466 925 3505 om.
970 3452 1117 3518 novatum

98 3524 173 3592 (bie),
190 3525 254 3578 item
275 3529 316 3578 10.
389 3529 423 3576 tt
444 3522 540 3579 stilles.
614 3527 648 3578 29
667 3520 840 3596 leucadionb
853 3518 1094 3591 furbbsnco'xsn„
