2438 3802
482 146 719 213 -265-

91 312 246 376 Confectio
269 318 367 373 autem
391 312 525 372 universi
548 311 752 372 medicaminis
771 311 844 372 baec
864 323 922 372 est:
947 312 1107 392 Sanguinis

89 403 180 464 huius
202 401 281 463 hirci
304 433 346 442 -
365 399 418 480 ΙΙΙ,
448 401 561 479 piperis
585 399 644 460 albi
670 433 707 443 -
728 399 754 481 1,
782 400 882 480 polypi
905 405 1003 462 exusti
1026 404 1105 463 cine·

90 495 193 553 ris-
209 489 258 571 111,
277 489 372 569 thymi
389 522 434 533 -
447 489 469 570 Ι,
493 489 572 570 pulei
591 487 669 570 -Ι,
688 491 747 568 apii
767 491 888 549 seminis
910 490 986 570 -Ι,
1005 498 1106 569 petro-

91 580 172 642 silini
193 579 378 641 Macedonici
400 578 484 659 -Ι,
508 580 630 639 seminis
653 578 768 639 olisatri
793 610 831 620 -
848 577 869 639 Ι.
907 578 986 639 Haec
1007 582 1106 640 omnia

61 671 251 750 sseparatim
273 675 362 729 tunsa
390 667 480 728 etad
503 667 685 728 levissimum
708 666 861 747 pulverem
884 668 1004 729 redacta
1027 687 1106 729 com-

91 761 200 820 misces
223 765 254 818 et
276 756 360 818 dabis
383 757 512 838 infirmo,
533 757 641 817 melius
665 758 691 816 si
714 756 762 816 die
784 755 863 816 Solis
886 765 937 818 aut
955 756 1032 817 lovis
1057 776 1105 818 eo-

92 846 192 915 eliaris
215 864 385 908 mensuram
407 848 439 906 in
461 848 537 906 meri
559 847 680 924 potione
704 853 756 907 aut
775 847 991 926 cuiuscumque
1010 846 1107 908 duleis

90 935 200 1016 poculi.
236 935 395 996 Providens
419 942 519 996 autem
543 934 642 1015 debes,
665 942 700 995 ut
718 935 833 1013 digesto
853 954 886 996 ac
905 937 1005 996 ieiuno
1024 939 1106 1015 potio

90 1026 181 1087 detur
204 1031 234 1086 et
256 1042 377 1086 rursum
401 1032 435 1085 ut
458 1023 560 1084 eadem
583 1025 705 1102 potione
727 1023 804 1084 bene
824 1024 938 1104 digesta
957 1024 1040 1085 cibos
1059 1044 1105 1086 ac-

49 1131 76 1172 1o
91 1115 195 1195 cipiat‚
226 1121 257 1175 et
280 1132 315 1174 eo
338 1113 445 1174 melius
473 1114 543 1195 erit,
571 1115 596 1173 si
619 1112 696 1172 hanc
719 1113 872 1190 potionem
894 1132 963 1174 cum
986 1114 1106 1174 condito

91 1212 159 1282 post
182 1203 334 1264 balineum
356 1204 388 1262 in
412 1201 530 1262 sabanis
554 1201 651 1262 adhuc
675 1203 856 1262 constitutus
881 1204 1039 1280 acceperit.

181 1291 278 1372 Supra
297 1293 395 1352 omnia
415 1291 518 1352 efficax
537 1289 617 1351 aliud
637 1309 673 1350 ex
693 1308 728 1350 eo
747 1290 838 1351 facies
856 1290 1106 1352 medicamentum
1125 1304 1160 1354 96

92 1383 151 1443 sic:
176 1380 302 1461 Sanguis
325 1380 460 1441 hircinus
484 1398 518 1440 ea
541 1379 748 1440 observatione
773 1397 830 1458 qua
850 1397 940 1458 supra
958 1381 1107 1458 excipitur

91 1472 123 1531 in
145 1470 252 1550 patella
275 1470 372 1531 ferrea
396 1469 549 1551 candente,
572 1475 607 1529 ut
630 1468 716 1529 aduri
738 1470 834 1548 possit
856 1475 887 1528 et
910 1470 1017 1547 stringi
1038 1487 1107 1529 eon-

50 1575 77 1618 1s
91 1561 176 1622 tinuo
204 1562 269 1639 ipse
298 1561 431 1640 sanguis,
459 1560 500 1619 ita
528 1567 562 1619 ut
584 1565 687 1638 postea
714 1559 746 1617 in
768 1556 921 1638 pulverem
945 1558 1106 1638 redigatur,

90 1648 137 1710 vel
164 1656 247 1710 certe
276 1650 425 1709 continuis
454 1647 567 1727 aliquot
594 1646 700 1708 diebus
729 1645 765 1706 ad
795 1646 887 1707 solem
917 1648 1016 1726 ipsum
1041 1665 1106 1707 san-

91 1739 213 1817 guinem
236 1756 338 1819 pones,
361 1739 402 1798 ita
425 1744 460 1798 ut
478 1754 547 1797 rore
565 1739 624 1797 iam
643 1738 770 1797 decusso
789 1743 857 1814 post
876 1735 980 1796 horam
1000 1754 1105 1796 secun-

91 1827 159 1887 dam
182 1845 276 1906 ponas
299 1834 329 1887 et
352 1833 420 1887 ante
443 1844 551 1886 nonam
575 1824 704 1904 colligas.
741 1824 938 1904 Posteaquam
956 1827 997 1886 ita
1016 1825 1107 1886 luerit

92 1917 221 1979 siccatus
244 1918 374 1994 sanguis,
397 1923 431 1976 ut
453 1915 569 1976 nullum
593 1933 729 1975 umorem
748 1913 864 1995 habeat,
888 1913 1009 1992 colliges
1029 1916 1106 1975 eius·

49 2003 161 2064 eodem
185 2003 331 2066 crustulas
359 2011 389 2065 et
412 2011 492 2064 teres
516 2011 605 2083 atque
629 2021 665 2064 ex
688 2021 723 2064 eo
747 2003 929 2064 levissimum
952 2002 1107 2082 pulverem

92 2092 223 2175 rediges;
251 2093 357 2154 deinde
388 2095 517 2173 accipies
544 2092 668 2153 herbam
696 2091 851 2173 tribolum,
881 2093 968 2154 ouius
996 2091 1106 2152 herbae

90 2184 191 2261 ipsum
213 2182 367 2262 tribulum,
390 2182 447 2243 hoc
471 2190 517 2243 est
538 2199 640 2242 semen
659 2183 823 2264 spinosum,
845 2183 988 2262 proicies3
1012 2183 1107 2261 ipsam

91 2281 191 2333 autem
213 2271 336 2332 herbam
360 2271 466 2333 lectam
490 2271 527 2331 de
550 2270 624 2332 loeis
647 2271 803 2332 maritimis
832 2269 971 2351 siccabis,
998 2271 1107 2332 tundes

92 2368 122 2421 et
140 2362 171 2421 in
190 2359 344 2439 pulverem
358 2361 484 2440 rediges.
513 2359 666 2420 Confectio
681 2367 780 2421 autem
796 2360 1000 2421 medicaminis
1014 2362 1107 2421 totius

49 2459 77 2503 ee
91 2449 165 2510 haee
194 2457 253 2511 est:
285 2448 402 2511 Herbae
425 2448 526 2510 triboli
550 2448 651 2531 -ΙΙ,
679 2451 792 2529 piperis
816 2449 917 2531 -ΙΙ,
940 2449 1109 2529 petrosilini
1184 2464 1188 2471 ’

90 2536 276 2600 Macedonici
293 2538 386 2620 -ΙΙ,
410 2539 472 2600 lolii
495 2538 646 2620 sertulam,
669 2538 700 2598 id
724 2547 770 2600 est
793 2557 933 2600 eoronam
951 2541 1013 2600 sive
1033 2541 1108 2600 siae·

91 2645 156 2688 ram
179 2646 277 2689 unam.
309 2628 389 2690 llaec
413 2630 512 2690 omnia
535 2629 695 2708 separatim
714 2636 801 2690 tunsa
821 2629 905 2690 etad
924 2628 1107 2690 levissimum

91 2715 246 2794 pulverem
269 2718 387 2778 redacta
411 2737 480 2779 cum
503 2719 646 2796 sanguine
669 2717 785 2778 hircino
809 2716 949 2777 miscebis
973 2725 1003 2776 et
1024 2717 1108 2777 dabis

91 2805 210 2865 infirmo
239 2805 287 2867 die
317 2805 394 2866 Solis
422 2814 473 2866 aut
500 2805 576 2864 lovis
605 2804 741 2864 cocliaris
769 2822 940 2865 mensuram
972 2806 1003 2864 in
1031 2807 1108 2864 meri

49 2904 78 2946 ⁸0
92 2895 214 2972 potione
237 2903 289 2956 aut
307 2897 523 2971 cuiuscumque
543 2892 639 2952 dulcis
657 2892 791 2971 liquoris.
829 2891 988 2952 Providere
1008 2899 1107 2953 autem

92 2981 192 3064 debes,
215 2992 249 3045 ut
273 2984 387 3062 digesto
411 2983 572 3060 ieiunoque
596 2982 677 3058 potio
702 2979 803 3060 detur3
827 2997 916 3057 qnam
937 2997 1006 3039 cum
1025 2997 1106 3040 acce·

91 3073 172 3149 perit
195 3075 247 3152 qui
268 3071 415 3133 caleulum
434 3071 555 3151 patitur,
578 3087 647 3129 mox
665 3067 779 3146 lapides
798 3066 911 3127 solutos
931 3084 1033 3127 omnes
1052 3085 1107 3146 per

92 3161 211 3221 urinam
240 3163 364 3222 emittet.
406 3159 445 3221 Ut
467 3177 537 3219 vero
561 3158 717 3218 admireris
742 3157 894 3235 sanguinis
917 3155 1027 3216 hircini
1049 3158 1106 3215 vir-

184 3313 350 3384 lsanguis.
469 3310 606 3366 3thimi.
724 3342 758 3353 υ-
776 3311 802 3381 Ι,
829 3308 987 3380 petrosilini
1014 3309 1106 3365 Mece-

91 3383 187 3440 donioi
205 3416 240 3426 -
255 3385 279 3451 Ι,
305 3382 418 3439 seminis
437 3398 488 3438 om.
508 3383 670 3439 Carnarius.
735 3383 920 3452 ¹lpotionem.
983 3387 999 3436 8
1019 3380 1106 3438 debis.

92 3461 126 3510 11
146 3456 267 3512 balineo.
328 3459 361 3509 13
381 3455 518 3510 candente
538 3456 567 3510 et
584 3455 624 3510 ut.
681 3458 714 3508 19
733 3454 886 3509 humorem.
941 3459 975 3509 26
996 3451 1106 3507 sferem.

91 3526 233 3583 ardebis.
308 3532 341 3580 32
362 3526 478 3582 calculo.
