<?xml version="1.0" encoding="UTF-8"?>
<!DOCTYPE html PUBLIC "-//W3C//DTD XHTML 1.0 Transitional//EN"
    "http://www.w3.org/TR/xhtml1/DTD/xhtml1-transitional.dtd">
<html xmlns="http://www.w3.org/1999/xhtml" xml:lang="en" lang="en">
 <head>
  <title>
</title>
<meta http-equiv="Content-Type" content="text/html;charset=utf-8" />
  <meta name='ocr-system' content='tesseract 3.04.00' />
  <meta name='ocr-capabilities' content='ocr_page ocr_carea ocr_par ocr_line ocrx_word'/>
</head>
<body>
  <div class='ocr_page' id='page_1' title='image "./marcellidemedic01helmgoog_0232.png"; bbox 0 0 2438 3802; ppageno 0'>
   <div class='ocr_carea' id='block_1_1' title="bbox 446 147 683 211">
    <p class='ocr_par' dir='ltr' id='par_1_1' title="bbox 446 147 683 211">
     <span class='ocr_line' id='line_1_1' title="bbox 446 147 683 211; baseline 0.004 -1"><span class='ocrx_word' id='word_1_1' title='bbox 446 147 683 211; x_wconf 76' lang='lat'>-221—</span> 
     </span>
    </p>
   </div>
   <div class='ocr_carea' id='block_1_2' title="bbox 15 308 1125 3307">
    <p class='ocr_par' dir='ltr' id='par_1_2' title="bbox 55 308 1104 655">
     <span class='ocr_line' id='line_1_2' title="bbox 55 308 1104 389; baseline 0.003 -19"><span class='ocrx_word' id='word_1_2' title='bbox 55 309 173 370; x_wconf 91' lang='lat' dir='ltr'><strong>stineat.</strong></span> <span class='ocrx_word' id='word_1_3' title='bbox 215 308 353 369; x_wconf 83' lang='lat' dir='ltr'>Dolorem</span> <span class='ocrx_word' id='word_1_4' title='bbox 377 309 476 368; x_wconf 90' lang='lat' dir='ltr'><strong>cordis</strong></span> <span class='ocrx_word' id='word_1_5' title='bbox 499 308 577 368; x_wconf 87' lang='lat' dir='ltr'><strong>levat</strong></span> <span class='ocrx_word' id='word_1_6' title='bbox 599 311 709 388; x_wconf 79' lang='lat' dir='ltr'><strong>cymini</strong></span> <span class='ocrx_word' id='word_1_7' title='bbox 731 310 897 389; x_wconf 78' lang='lat' dir='ltr'><strong>Aethiopici</strong></span> <span class='ocrx_word' id='word_1_8' title='bbox 923 325 1104 374; x_wconf 76' lang='lat' dir='ltr'><strong>commen-a</strong></span> 
     </span>
     <span class='ocr_line' id='line_1_3' title="bbox 56 397 1104 480; baseline 0.001 -21"><span class='ocrx_word' id='word_1_9' title='bbox 56 399 158 459; x_wconf 89' lang='lat' dir='ltr'><strong>ducati</strong></span> <span class='ocrx_word' id='word_1_10' title='bbox 176 416 267 458; x_wconf 90' lang='lat' dir='ltr'><strong>sucus</strong></span> <span class='ocrx_word' id='word_1_11' title='bbox 286 397 460 476; x_wconf 90' lang='lat' dir='ltr'><strong>frequenter</strong></span> <span class='ocrx_word' id='word_1_12' title='bbox 478 399 681 458; x_wconf 90' lang='lat' dir='ltr'><strong>transmissus.</strong></span> <span class='ocrx_word' id='word_1_13' title='bbox 706 398 871 458; x_wconf 78' lang='lat' dir='ltr'><strong>Adversum</strong></span> <span class='ocrx_word' id='word_1_14' title='bbox 892 399 990 459; x_wconf 91' lang='lat' dir='ltr'><strong>cordis</strong></span> <span class='ocrx_word' id='word_1_15' title='bbox 1004 400 1068 480; x_wconf 93' lang='lat' dir='ltr'><strong>pul·</strong></span> <span class='ocrx_word' id='word_1_16' title='bbox 1088 413 1104 461; x_wconf 81' lang='lat'>8</span> 
     </span>
     <span class='ocr_line' id='line_1_4' title="bbox 56 485 1070 566; baseline 0 -18"><span class='ocrx_word' id='word_1_17' title='bbox 56 505 123 548; x_wconf 90' lang='lat' dir='ltr'><strong>snm</strong></span> <span class='ocrx_word' id='word_1_18' title='bbox 142 485 189 547; x_wconf 90' lang='lat' dir='ltr'><strong>vel</strong></span> <span class='ocrx_word' id='word_1_19' title='bbox 207 486 338 547; x_wconf 90' lang='lat' dir='ltr'><strong>dolorem</strong></span> <span class='ocrx_word' id='word_1_20' title='bbox 358 488 468 546; x_wconf 92' lang='lat' dir='ltr'><strong>mirum</strong></span> <span class='ocrx_word' id='word_1_21' title='bbox 486 486 660 566; x_wconf 90' lang='lat' dir='ltr'><strong>remedium,</strong></span> <span class='ocrx_word' id='word_1_22' title='bbox 680 486 758 564; x_wconf 91' lang='lat' dir='ltr'><strong>quod</strong></span> <span class='ocrx_word' id='word_1_23' title='bbox 773 488 805 546; x_wconf 93' lang='lat' dir='ltr'><strong>in</strong></span> <span class='ocrx_word' id='word_1_24' title='bbox 819 486 932 548; x_wconf 90' lang='lat' dir='ltr'><strong>lamella</strong></span> <span class='ocrx_word' id='word_1_25' title='bbox 949 496 1070 566; x_wconf 83' lang='lat' dir='ltr'><strong>stagnea</strong></span> 
     </span>
     <span class='ocr_line' id='line_1_5' title="bbox 56 575 1068 655; baseline 0 -18"><span class='ocrx_word' id='word_1_26' title='bbox 56 575 183 637; x_wconf 80' lang='lat' dir='ltr'><strong>scribes:</strong></span> <span class='ocrx_word' id='word_1_27' title='bbox 204 578 372 654; x_wconf 78' lang='grc' dir='ltr'><strong><em>Καρυανκω</em></strong></span> <span class='ocrx_word' id='word_1_28' title='bbox 389 578 579 654; x_wconf 83' lang='grc' dir='ltr'><strong><em>Καρυανκων</em></strong></span> <span class='ocrx_word' id='word_1_29' title='bbox 598 577 787 652; x_wconf 79' lang='grc' dir='ltr'><strong><em>Καρυανκων</em></strong></span> <span class='ocrx_word' id='word_1_30' title='bbox 804 583 835 635; x_wconf 83' lang='lat' dir='ltr'><strong>el</strong></span> <span class='ocrx_word' id='word_1_31' title='bbox 853 576 1068 655; x_wconf 79' lang='lat' dir='ltr'><strong>phylacterium</strong></span> 
     </span>
    </p>

    <p class='ocr_par' dir='ltr' id='par_1_3' title="bbox 27 662 1070 830">
     <span class='ocr_line' id='line_1_6' title="bbox 27 662 1070 745; baseline 0.001 -21"><span class='ocrx_word' id='word_1_32' title='bbox 27 665 94 724; x_wconf 80' lang='lat' dir='ltr'><strong>ade</strong></span> <span class='ocrx_word' id='word_1_33' title='bbox 117 670 232 723; x_wconf 77' lang='lat' dir='ltr'><strong>storace</strong></span> <span class='ocrx_word' id='word_1_34' title='bbox 256 662 471 741; x_wconf 81' lang='lat' dir='ltr'><strong>subfumigahis</strong></span> <span class='ocrx_word' id='word_1_35' title='bbox 494 671 524 723; x_wconf 90' lang='lat' dir='ltr'><strong>et</strong></span> <span class='ocrx_word' id='word_1_36' title='bbox 542 666 574 723; x_wconf 94' lang='lat' dir='ltr'><strong>in</strong></span> <span class='ocrx_word' id='word_1_37' title='bbox 592 663 667 723; x_wconf 92' lang='lat' dir='ltr'><strong>collo</strong></span> <span class='ocrx_word' id='word_1_38' title='bbox 687 682 724 723; x_wconf 84' lang='lat' dir='ltr'><strong>ex</strong></span> <span class='ocrx_word' id='word_1_39' title='bbox 743 663 811 724; x_wconf 91' lang='lat' dir='ltr'><strong>licio</strong></span> <span class='ocrx_word' id='word_1_40' title='bbox 830 664 1009 745; x_wconf 81' lang='lat' dir='ltr'><strong>suspendes3</strong></span> <span class='ocrx_word' id='word_1_41' title='bbox 1029 668 1070 725; x_wconf 90' lang='lat' dir='ltr'><strong>ita</strong></span> 
     </span>
     <span class='ocr_line' id='line_1_7' title="bbox 57 752 410 830; baseline 0 -19"><span class='ocrx_word' id='word_1_42' title='bbox 57 752 201 830; x_wconf 92' lang='lat' dir='ltr'><strong>proderit,</strong></span> <span class='ocrx_word' id='word_1_43' title='bbox 224 760 257 811; x_wconf 89' lang='lat' dir='ltr'><strong>ut</strong></span> <span class='ocrx_word' id='word_1_44' title='bbox 281 759 410 830; x_wconf 80' lang='lat' dir='ltr'><strong>stupeas,</strong></span> 
     </span>
    </p>

    <p class='ocr_par' dir='ltr' id='par_1_4' title="bbox 57 839 1104 1096">
     <span class='ocr_line' id='line_1_8' title="bbox 146 839 1104 920; baseline 0.005 -22"><span class='ocrx_word' id='word_1_45' title='bbox 146 839 191 898; x_wconf 85' lang='lat' dir='ltr'><strong>Ad</strong></span> <span class='ocrx_word' id='word_1_46' title='bbox 210 839 341 900; x_wconf 91' lang='lat' dir='ltr'><strong>dolorem</strong></span> <span class='ocrx_word' id='word_1_47' title='bbox 360 840 603 919; x_wconf 80' lang='lat' dir='ltr'><strong>praecordiorum</strong></span> <span class='ocrx_word' id='word_1_48' title='bbox 622 840 799 919; x_wconf 80' lang='lat' dir='ltr'><strong>cataplasma</strong></span> <span class='ocrx_word' id='word_1_49' title='bbox 818 843 983 920; x_wconf 80' lang='lat' dir='ltr'><strong>egregium:</strong></span> <span class='ocrx_word' id='word_1_50' title='bbox 1002 841 1070 901; x_wconf 89' lang='lat' dir='ltr'><strong>Lini</strong></span> <span class='ocrx_word' id='word_1_51' title='bbox 1089 855 1104 903; x_wconf 84' lang='lat'>9</span> 
     </span>
     <span class='ocr_line' id='line_1_9' title="bbox 58 928 1071 1007; baseline 0.003 -20"><span class='ocrx_word' id='word_1_52' title='bbox 58 929 180 988; x_wconf 90' lang='lat' dir='ltr'><strong>seminis</strong></span> <span class='ocrx_word' id='word_1_53' title='bbox 204 929 365 988; x_wconf 83' lang='lat' dir='ltr'><strong>sextarium</strong></span> <span class='ocrx_word' id='word_1_54' title='bbox 389 946 490 1007; x_wconf 91' lang='lat' dir='ltr'><strong>unum,</strong></span> <span class='ocrx_word' id='word_1_55' title='bbox 514 928 636 988; x_wconf 78' lang='lat' dir='ltr'><strong>feniculi</strong></span> <span class='ocrx_word' id='word_1_56' title='bbox 655 931 777 997; x_wconf 87' lang='lat' dir='ltr'><strong>seminis</strong></span> <span class='ocrx_word' id='word_1_57' title='bbox 796 931 958 990; x_wconf 85' lang='lat' dir='ltr'><strong>sextarium</strong></span> <span class='ocrx_word' id='word_1_58' title='bbox 977 948 1071 990; x_wconf 92' lang='lat' dir='ltr'><strong>unum</strong></span> 
     </span>
     <span class='ocr_line' id='line_1_10' title="bbox 57 1016 1070 1096; baseline 0.002 -20"><span class='ocrx_word' id='word_1_59' title='bbox 57 1035 93 1076; x_wconf 83' lang='lat' dir='ltr'><strong>ex</strong></span> <span class='ocrx_word' id='word_1_60' title='bbox 121 1035 195 1095; x_wconf 91' lang='lat' dir='ltr'><strong>aqua</strong></span> <span class='ocrx_word' id='word_1_61' title='bbox 224 1016 319 1076; x_wconf 92' lang='lat' dir='ltr'><strong>mulsa</strong></span> <span class='ocrx_word' id='word_1_62' title='bbox 347 1017 496 1094; x_wconf 90' lang='lat' dir='ltr'><strong>decoques</strong></span> <span class='ocrx_word' id='word_1_63' title='bbox 524 1027 554 1077; x_wconf 86' lang='lat' dir='ltr'><strong>et</strong></span> <span class='ocrx_word' id='word_1_64' title='bbox 581 1019 612 1076; x_wconf 93' lang='lat' dir='ltr'><strong>in</strong></span> <span class='ocrx_word' id='word_1_65' title='bbox 639 1035 736 1095; x_wconf 88' lang='lat' dir='ltr'><strong>panno</strong></span> <span class='ocrx_word' id='word_1_66' title='bbox 765 1017 859 1078; x_wconf 93' lang='lat' dir='ltr'><strong>calido</strong></span> <span class='ocrx_word' id='word_1_67' title='bbox 887 1019 1070 1096; x_wconf 86' lang='lat' dir='ltr'><strong>praecordiis</strong></span> 
     </span>
    </p>

    <p class='ocr_par' dir='ltr' id='par_1_5' title="bbox 15 1103 634 1185">
     <span class='ocr_line' id='line_1_11' title="bbox 15 1103 634 1185; baseline 0.002 -21"><span class='ocrx_word' id='word_1_68' title='bbox 15 1125 42 1164; x_wconf 84' lang='lat' dir='ltr'><strong>rc</strong></span> <span class='ocrx_word' id='word_1_69' title='bbox 57 1107 176 1184; x_wconf 90' lang='lat' dir='ltr'><strong>saepius</strong></span> <span class='ocrx_word' id='word_1_70' title='bbox 199 1103 371 1185; x_wconf 91' lang='lat' dir='ltr'><strong>adplicahis,</strong></span> <span class='ocrx_word' id='word_1_71' title='bbox 396 1107 469 1165; x_wconf 92' lang='lat' dir='ltr'><strong>mire</strong></span> <span class='ocrx_word' id='word_1_72' title='bbox 492 1105 634 1184; x_wconf 90' lang='lat' dir='ltr'><strong>proderit.</strong></span> 
     </span>
    </p>

    <p class='ocr_par' dir='ltr' id='par_1_6' title="bbox 57 1192 1123 1519">
     <span class='ocr_line' id='line_1_12' title="bbox 145 1192 1123 1274; baseline 0.003 -21"><span class='ocrx_word' id='word_1_73' title='bbox 145 1192 287 1254; x_wconf 81' lang='lat' dir='ltr'><strong>Cerotum</strong></span> <span class='ocrx_word' id='word_1_74' title='bbox 310 1192 394 1254; x_wconf 89' lang='lat' dir='ltr'><strong>valde</strong></span> <span class='ocrx_word' id='word_1_75' title='bbox 418 1194 521 1254; x_wconf 86' lang='lat' dir='ltr'><strong>efficax</strong></span> <span class='ocrx_word' id='word_1_76' title='bbox 540 1194 576 1254; x_wconf 93' lang='lat' dir='ltr'><strong>ad</strong></span> <span class='ocrx_word' id='word_1_77' title='bbox 600 1194 698 1254; x_wconf 90' lang='lat' dir='ltr'><strong>cordis</strong></span> <span class='ocrx_word' id='word_1_78' title='bbox 722 1194 867 1256; x_wconf 89' lang='lat' dir='ltr'><strong>dolorem:</strong></span> <span class='ocrx_word' id='word_1_79' title='bbox 890 1193 981 1274; x_wconf 85' lang='lat' dir='ltr'><strong>Cerae</strong></span> <span class='ocrx_word' id='word_1_80' title='bbox 1001 1195 1068 1255; x_wconf 91' lang='lat' dir='ltr'><strong>seli·</strong></span> <span class='ocrx_word' id='word_1_81' title='bbox 1091 1209 1123 1256; x_wconf 89' lang='lat'><strong>10</strong></span> 
     </span>
     <span class='ocr_line' id='line_1_13' title="bbox 57 1280 1070 1361; baseline 0.003 -21"><span class='ocrx_word' id='word_1_82' title='bbox 57 1280 150 1361; x_wconf 89' lang='lat' dir='ltr'><strong>bram,</strong></span> <span class='ocrx_word' id='word_1_83' title='bbox 172 1280 230 1341; x_wconf 90' lang='lat' dir='ltr'><strong>olei</strong></span> <span class='ocrx_word' id='word_1_84' title='bbox 248 1283 365 1361; x_wconf 82' lang='lat' dir='ltr'><strong>cyprini</strong></span> <span class='ocrx_word' id='word_1_85' title='bbox 384 1281 532 1361; x_wconf 86' lang='lat' dir='ltr'><strong>selibram,</strong></span> <span class='ocrx_word' id='word_1_86' title='bbox 551 1282 680 1342; x_wconf 82' lang='lat' dir='ltr'><strong>absinthi</strong></span> <span class='ocrx_word' id='word_1_87' title='bbox 699 1281 814 1343; x_wconf 90' lang='lat' dir='ltr'><strong>Pontici</strong></span> <span class='ocrx_word' id='word_1_88' title='bbox 833 1282 981 1343; x_wconf 89' lang='lat' dir='ltr'><strong>selibram.</strong></span> <span class='ocrx_word' id='word_1_89' title='bbox 1013 1284 1070 1344; x_wconf 79' lang='lat' dir='ltr'><strong>hh-</strong></span> 
     </span>
     <span class='ocr_line' id='line_1_14' title="bbox 58 1368 1070 1451; baseline 0.005 -24"><span class='ocrx_word' id='word_1_90' title='bbox 58 1368 202 1429; x_wconf 89' lang='lat' dir='ltr'><strong>sinthium</strong></span> <span class='ocrx_word' id='word_1_91' title='bbox 227 1370 350 1450; x_wconf 74' lang='lat' dir='ltr'><strong>fundes,</strong></span> <span class='ocrx_word' id='word_1_92' title='bbox 380 1389 479 1432; x_wconf 90' lang='lat' dir='ltr'><strong>ceram</strong></span> <span class='ocrx_word' id='word_1_93' title='bbox 509 1374 643 1431; x_wconf 89' lang='lat' dir='ltr'><strong>remittes</strong></span> <span class='ocrx_word' id='word_1_94' title='bbox 672 1379 702 1432; x_wconf 91' lang='lat' dir='ltr'><strong>et</strong></span> <span class='ocrx_word' id='word_1_95' title='bbox 728 1370 923 1450; x_wconf 91' lang='lat' dir='ltr'><strong>permiscebis</strong></span> <span class='ocrx_word' id='word_1_96' title='bbox 951 1390 985 1432; x_wconf 92' lang='lat' dir='ltr'><strong>ac</strong></span> <span class='ocrx_word' id='word_1_97' title='bbox 1014 1391 1070 1451; x_wconf 91' lang='lat' dir='ltr'><strong>pro</strong></span> 
     </span>
     <span class='ocr_line' id='line_1_15' title="bbox 57 1459 287 1519; baseline 0.004 -1"><span class='ocrx_word' id='word_1_98' title='bbox 57 1464 160 1518; x_wconf 91' lang='lat' dir='ltr'><strong>ceroto</strong></span> <span class='ocrx_word' id='word_1_99' title='bbox 183 1459 287 1519; x_wconf 86' lang='lat' dir='ltr'><strong>uteris.</strong></span> 
     </span>
    </p>

    <p class='ocr_par' dir='ltr' id='par_1_7' title="bbox 15 1545 1123 1981">
     <span class='ocr_line' id='line_1_16' title="bbox 15 1545 1123 1629; baseline 0.003 -24"><span class='ocrx_word' id='word_1_100' title='bbox 15 1566 42 1606; x_wconf 72' lang='grc' dir='ltr'><strong>ιε</strong></span> <span class='ocrx_word' id='word_1_101' title='bbox 147 1545 206 1616; x_wconf 82' lang='lat' dir='ltr'><strong>Qui</strong></span> <span class='ocrx_word' id='word_1_102' title='bbox 229 1547 472 1624; x_wconf 90' lang='lat' dir='ltr'><strong>praecordiorum</strong></span> <span class='ocrx_word' id='word_1_103' title='bbox 496 1549 601 1609; x_wconf 90' lang='lat' dir='ltr'><strong>ardore</strong></span> <span class='ocrx_word' id='word_1_104' title='bbox 624 1556 783 1629; x_wconf 85' lang='lat' dir='ltr'><strong>vexantur,</strong></span> <span class='ocrx_word' id='word_1_105' title='bbox 811 1551 837 1608; x_wconf 91' lang='lat' dir='ltr'><strong>si</strong></span> <span class='ocrx_word' id='word_1_106' title='bbox 860 1550 948 1608; x_wconf 88' lang='lat' dir='ltr'><strong>etiam</strong></span> <span class='ocrx_word' id='word_1_107' title='bbox 971 1548 1070 1609; x_wconf 84' lang='lat' dir='ltr'><strong>febres</strong></span> <span class='ocrx_word' id='word_1_108' title='bbox 1091 1561 1123 1608; x_wconf 90' lang='lat'><strong>11</strong></span> 
     </span>
     <span class='ocr_line' id='line_1_17' title="bbox 57 1633 1070 1716; baseline 0.003 -22"><span class='ocrx_word' id='word_1_109' title='bbox 57 1643 87 1695; x_wconf 88' lang='lat' dir='ltr'><strong>et</strong></span> <span class='ocrx_word' id='word_1_110' title='bbox 105 1633 268 1695; x_wconf 91' lang='lat' dir='ltr'><strong>lumbricos</strong></span> <span class='ocrx_word' id='word_1_111' title='bbox 286 1635 422 1716; x_wconf 90' lang='lat' dir='ltr'><strong>habeant,</strong></span> <span class='ocrx_word' id='word_1_112' title='bbox 440 1637 496 1697; x_wconf 91' lang='lat' dir='ltr'><strong>hoc</strong></span> <span class='ocrx_word' id='word_1_113' title='bbox 516 1638 648 1698; x_wconf 90' lang='lat' dir='ltr'><strong>remedio</strong></span> <span class='ocrx_word' id='word_1_114' title='bbox 668 1637 864 1698; x_wconf 88' lang='lat' dir='ltr'><strong>sanabuntur:</strong></span> <span class='ocrx_word' id='word_1_115' title='bbox 888 1636 983 1697; x_wconf 89' lang='lat' dir='ltr'><strong>Ovum</strong></span> <span class='ocrx_word' id='word_1_116' title='bbox 1004 1656 1070 1697; x_wconf 93' lang='lat' dir='ltr'><strong>cru-</strong></span> 
     </span>
     <span class='ocr_line' id='line_1_18' title="bbox 57 1723 1071 1805; baseline 0.004 -23"><span class='ocrx_word' id='word_1_117' title='bbox 57 1723 126 1783; x_wconf 92' lang='lat' dir='ltr'><strong>dum</strong></span> <span class='ocrx_word' id='word_1_118' title='bbox 147 1725 303 1784; x_wconf 90' lang='lat' dir='ltr'><strong>summiter</strong></span> <span class='ocrx_word' id='word_1_119' title='bbox 322 1732 457 1802; x_wconf 90' lang='lat' dir='ltr'><strong>apertum</strong></span> <span class='ocrx_word' id='word_1_120' title='bbox 478 1728 628 1786; x_wconf 85' lang='lat' dir='ltr'><strong>exinanies</strong></span> <span class='ocrx_word' id='word_1_121' title='bbox 647 1726 736 1805; x_wconf 92' lang='lat' dir='ltr'><strong>idque</strong></span> <span class='ocrx_word' id='word_1_122' title='bbox 751 1725 888 1805; x_wconf 89' lang='lat' dir='ltr'><strong>implebis</strong></span> <span class='ocrx_word' id='word_1_123' title='bbox 903 1725 967 1786; x_wconf 89' lang='lat' dir='ltr'><strong>oleo</strong></span> <span class='ocrx_word' id='word_1_124' title='bbox 983 1727 1071 1786; x_wconf 91' lang='lat' dir='ltr'><strong>viridi</strong></span> 
     </span>
     <span class='ocr_line' id='line_1_19' title="bbox 58 1811 1071 1895; baseline 0.004 -25"><span class='ocrx_word' id='word_1_125' title='bbox 58 1819 88 1871; x_wconf 90' lang='lat' dir='ltr'><strong>et</strong></span> <span class='ocrx_word' id='word_1_126' title='bbox 115 1811 260 1872; x_wconf 86' lang='lat' dir='ltr'><strong>defundes</strong></span> <span class='ocrx_word' id='word_1_127' title='bbox 289 1819 320 1872; x_wconf 94' lang='lat' dir='ltr'><strong>et</strong></span> <span class='ocrx_word' id='word_1_128' title='bbox 347 1812 420 1872; x_wconf 92' lang='lat' dir='ltr'><strong>lotio</strong></span> <span class='ocrx_word' id='word_1_129' title='bbox 444 1815 565 1892; x_wconf 83' lang='lat' dir='ltr'><strong>virginis</strong></span> <span class='ocrx_word' id='word_1_130' title='bbox 593 1817 681 1892; x_wconf 92' lang='lat' dir='ltr'><strong>pueri</strong></span> <span class='ocrx_word' id='word_1_131' title='bbox 702 1814 840 1892; x_wconf 90' lang='lat' dir='ltr'><strong>implebis</strong></span> <span class='ocrx_word' id='word_1_132' title='bbox 864 1822 894 1874; x_wconf 95' lang='lat' dir='ltr'><strong>et</strong></span> <span class='ocrx_word' id='word_1_133' title='bbox 917 1815 1071 1895; x_wconf 84' lang='lat' dir='ltr'><strong>defundes,</strong></span> 
     </span>
     <span class='ocr_line' id='line_1_20' title="bbox 57 1900 1070 1981; baseline 0.003 -22"><span class='ocrx_word' id='word_1_134' title='bbox 57 1908 122 1959; x_wconf 85' lang='lat' dir='ltr'><strong>tum</strong></span> <span class='ocrx_word' id='word_1_135' title='bbox 145 1900 255 1962; x_wconf 91' lang='lat' dir='ltr'><strong>adicies</strong></span> <span class='ocrx_word' id='word_1_136' title='bbox 277 1919 384 1979; x_wconf 90' lang='lat' dir='ltr'><strong>parum</strong></span> <span class='ocrx_word' id='word_1_137' title='bbox 408 1901 503 1962; x_wconf 91' lang='lat' dir='ltr'><strong>mellis</strong></span> <span class='ocrx_word' id='word_1_138' title='bbox 526 1910 556 1963; x_wconf 89' lang='lat' dir='ltr'><strong>et</strong></span> <span class='ocrx_word' id='word_1_139' title='bbox 579 1905 610 1962; x_wconf 95' lang='lat' dir='ltr'><strong>in</strong></span> <span class='ocrx_word' id='word_1_140' title='bbox 633 1921 725 1963; x_wconf 91' lang='lat' dir='ltr'><strong>unum</strong></span> <span class='ocrx_word' id='word_1_141' title='bbox 748 1921 816 1963; x_wconf 91' lang='lat' dir='ltr'><strong>cum</strong></span> <span class='ocrx_word' id='word_1_142' title='bbox 840 1905 887 1961; x_wconf 83' lang='lat' dir='ltr'><strong>ovi</strong></span> <span class='ocrx_word' id='word_1_143' title='bbox 908 1905 1003 1981; x_wconf 92' lang='lat' dir='ltr'><strong>ipsius</strong></span> <span class='ocrx_word' id='word_1_144' title='bbox 1026 1905 1070 1962; x_wconf 93' lang='lat' dir='ltr'><strong>in-</strong></span> 
     </span>
    </p>

    <p class='ocr_par' dir='ltr' id='par_1_8' title="bbox 15 1987 1071 2227">
     <span class='ocr_line' id='line_1_21' title="bbox 15 1987 1071 2070; baseline 0.006 -26"><span class='ocrx_word' id='word_1_145' title='bbox 15 1987 219 2049; x_wconf 77' lang='lat' dir='ltr'><strong>anterioribus</strong></span> <span class='ocrx_word' id='word_1_146' title='bbox 242 1989 438 2068; x_wconf 90' lang='lat' dir='ltr'><strong>permiscebis</strong></span> <span class='ocrx_word' id='word_1_147' title='bbox 462 2001 492 2050; x_wconf 87' lang='lat' dir='ltr'><strong>et</strong></span> <span class='ocrx_word' id='word_1_148' title='bbox 514 1991 677 2070; x_wconf 91' lang='lat' dir='ltr'><strong>potandum</strong></span> <span class='ocrx_word' id='word_1_149' title='bbox 700 1993 800 2050; x_wconf 91' lang='lat' dir='ltr'><strong>ieiuno</strong></span> <span class='ocrx_word' id='word_1_150' title='bbox 825 1990 917 2050; x_wconf 94' lang='lat' dir='ltr'><strong>dahis.</strong></span> <span class='ocrx_word' id='word_1_151' title='bbox 954 1990 1017 2050; x_wconf 91' lang='lat' dir='ltr'><strong>Hoc</strong></span> <span class='ocrx_word' id='word_1_152' title='bbox 1041 1999 1071 2050; x_wconf 91' lang='lat' dir='ltr'><strong>et</strong></span> 
     </span>
     <span class='ocr_line' id='line_1_22' title="bbox 58 2078 1071 2157; baseline 0.002 -21"><span class='ocrx_word' id='word_1_153' title='bbox 58 2083 176 2137; x_wconf 91' lang='lat' dir='ltr'><strong>stercus</strong></span> <span class='ocrx_word' id='word_1_154' title='bbox 198 2079 433 2138; x_wconf 81' lang='lat' dir='ltr'><strong>vetustissimum</strong></span> <span class='ocrx_word' id='word_1_155' title='bbox 453 2087 483 2139; x_wconf 89' lang='lat' dir='ltr'><strong>et</strong></span> <span class='ocrx_word' id='word_1_156' title='bbox 501 2079 662 2139; x_wconf 90' lang='lat' dir='ltr'><strong>lumbricos</strong></span> <span class='ocrx_word' id='word_1_157' title='bbox 682 2081 786 2139; x_wconf 85' lang='lat' dir='ltr'><strong>noxios</strong></span> <span class='ocrx_word' id='word_1_158' title='bbox 805 2079 889 2157; x_wconf 91' lang='lat' dir='ltr'><strong>pellit</strong></span> <span class='ocrx_word' id='word_1_159' title='bbox 907 2086 937 2138; x_wconf 92' lang='lat' dir='ltr'><strong>et</strong></span> <span class='ocrx_word' id='word_1_160' title='bbox 955 2078 1071 2138; x_wconf 87' lang='lat' dir='ltr'><strong>febrem</strong></span> 
     </span>
     <span class='ocr_line' id='line_1_23' title="bbox 58 2165 402 2227; baseline 0.006 -2"><span class='ocrx_word' id='word_1_161' title='bbox 58 2167 259 2226; x_wconf 90' lang='lat' dir='ltr'><strong>acutissimam</strong></span> <span class='ocrx_word' id='word_1_162' title='bbox 282 2165 402 2227; x_wconf 90' lang='lat' dir='ltr'><strong>relevat.</strong></span> 
     </span>
    </p>

    <p class='ocr_par' dir='ltr' id='par_1_9' title="bbox 145 2253 1123 2335">
     <span class='ocr_line' id='line_1_24' title="bbox 145 2253 1123 2335; baseline 0.003 -22"><span class='ocrx_word' id='word_1_163' title='bbox 145 2253 233 2314; x_wconf 94' lang='lat' dir='ltr'><strong>Bulhi</strong></span> <span class='ocrx_word' id='word_1_164' title='bbox 261 2257 377 2315; x_wconf 85' lang='lat' dir='ltr'><strong>excocti</strong></span> <span class='ocrx_word' id='word_1_165' title='bbox 405 2257 469 2316; x_wconf 91' lang='lat' dir='ltr'><strong>triti</strong></span> <span class='ocrx_word' id='word_1_166' title='bbox 496 2256 573 2316; x_wconf 93' lang='lat' dir='ltr'><strong>inliti</strong></span> <span class='ocrx_word' id='word_1_167' title='bbox 598 2263 746 2316; x_wconf 89' lang='lat' dir='ltr'><strong>tumorem</strong></span> <span class='ocrx_word' id='word_1_168' title='bbox 762 2255 1012 2335; x_wconf 76' lang='lat' dir='ltr'><strong>‚praecordiorum</strong></span> <span class='ocrx_word' id='word_1_169' title='bbox 1041 2263 1072 2316; x_wconf 92' lang='lat' dir='ltr'><strong>et</strong></span> <span class='ocrx_word' id='word_1_170' title='bbox 1092 2267 1123 2316; x_wconf 75' lang='lat'><strong>12</strong></span> 
     </span>
    </p>

    <p class='ocr_par' dir='ltr' id='par_1_10' title="bbox 36 2342 1070 2424">
     <span class='ocr_line' id='line_1_25' title="bbox 36 2342 1070 2424; baseline 0.004 -23"><span class='ocrx_word' id='word_1_171' title='bbox 36 2345 170 2402; x_wconf 67' lang='lat' dir='ltr'><strong>reatris</strong></span> <span class='ocrx_word' id='word_1_172' title='bbox 193 2342 357 2404; x_wconf 89' lang='lat' dir='ltr'><strong>emolliunt.</strong></span> <span class='ocrx_word' id='word_1_173' title='bbox 391 2344 464 2405; x_wconf 89' lang='lat' dir='ltr'><strong>ltem</strong></span> <span class='ocrx_word' id='word_1_174' title='bbox 484 2346 631 2424; x_wconf 88' lang='lat' dir='ltr'><strong>proficies,</strong></span> <span class='ocrx_word' id='word_1_175' title='bbox 655 2347 681 2405; x_wconf 91' lang='lat' dir='ltr'><strong>si</strong></span> <span class='ocrx_word' id='word_1_176' title='bbox 699 2347 827 2406; x_wconf 92' lang='lat' dir='ltr'><strong>ocimum</strong></span> <span class='ocrx_word' id='word_1_177' title='bbox 847 2347 966 2405; x_wconf 90' lang='lat' dir='ltr'><strong>triveris</strong></span> <span class='ocrx_word' id='word_1_178' title='bbox 986 2353 1016 2405; x_wconf 91' lang='lat' dir='ltr'><strong>et</strong></span> <span class='ocrx_word' id='word_1_179' title='bbox 1035 2363 1070 2405; x_wconf 91' lang='lat' dir='ltr'><strong>eo</strong></span> 
     </span>
    </p>

    <p class='ocr_par' dir='ltr' id='par_1_11' title="bbox 15 2431 1123 2690">
     <span class='ocr_line' id='line_1_26' title="bbox 15 2431 1123 2513; baseline 0.006 -25"><span class='ocrx_word' id='word_1_180' title='bbox 15 2447 43 2488; x_wconf 79' lang='lat'><strong>25</strong></span> <span class='ocrx_word' id='word_1_181' title='bbox 57 2431 231 2509; x_wconf 91' lang='lat' dir='ltr'><strong>praecordia</strong></span> <span class='ocrx_word' id='word_1_182' title='bbox 263 2434 389 2509; x_wconf 88' lang='lat' dir='ltr'><strong>spissius</strong></span> <span class='ocrx_word' id='word_1_183' title='bbox 421 2433 569 2495; x_wconf 91' lang='lat' dir='ltr'><strong>inleveris.</strong></span> <span class='ocrx_word' id='word_1_184' title='bbox 615 2433 750 2494; x_wconf 74' lang='lat' dir='ltr'><strong>feniculi</strong></span> <span class='ocrx_word' id='word_1_185' title='bbox 782 2435 875 2495; x_wconf 90' lang='lat' dir='ltr'><strong>farina</strong></span> <span class='ocrx_word' id='word_1_186' title='bbox 904 2453 973 2495; x_wconf 93' lang='lat' dir='ltr'><strong>cum</strong></span> <span class='ocrx_word' id='word_1_187' title='bbox 1004 2436 1071 2513; x_wconf 92' lang='lat' dir='ltr'><strong>pari</strong></span> <span class='ocrx_word' id='word_1_188' title='bbox 1091 2447 1123 2496; x_wconf 84' lang='lat'><strong>13</strong></span> 
     </span>
     <span class='ocr_line' id='line_1_27' title="bbox 58 2520 1070 2602; baseline 0.005 -24"><span class='ocrx_word' id='word_1_189' title='bbox 58 2537 199 2580; x_wconf 91' lang='lat' dir='ltr'><strong>mensura</strong></span> <span class='ocrx_word' id='word_1_190' title='bbox 217 2520 313 2580; x_wconf 91' lang='lat' dir='ltr'><strong>mellis</strong></span> <span class='ocrx_word' id='word_1_191' title='bbox 333 2521 454 2582; x_wconf 89' lang='lat' dir='ltr'><strong>decocta</strong></span> <span class='ocrx_word' id='word_1_192' title='bbox 474 2525 568 2584; x_wconf 86' lang='lat' dir='ltr'><strong>ceroti</strong></span> <span class='ocrx_word' id='word_1_193' title='bbox 587 2523 674 2583; x_wconf 93' lang='lat' dir='ltr'><strong>modo</strong></span> <span class='ocrx_word' id='word_1_194' title='bbox 698 2542 795 2602; x_wconf 91' lang='lat' dir='ltr'><strong>panno</strong></span> <span class='ocrx_word' id='word_1_195' title='bbox 819 2524 956 2585; x_wconf 90' lang='lat' dir='ltr'><strong>inlinitur</strong></span> <span class='ocrx_word' id='word_1_196' title='bbox 976 2531 1006 2584; x_wconf 90' lang='lat' dir='ltr'><strong>et</strong></span> <span class='ocrx_word' id='word_1_197' title='bbox 1024 2542 1070 2584; x_wconf 91' lang='lat' dir='ltr'><strong>ca·</strong></span> 
     </span>
     <span class='ocr_line' id='line_1_28' title="bbox 57 2607 718 2690; baseline 0.009 -24"><span class='ocrx_word' id='word_1_198' title='bbox 57 2607 123 2668; x_wconf 92' lang='lat' dir='ltr'><strong>lens</strong></span> <span class='ocrx_word' id='word_1_199' title='bbox 146 2611 257 2669; x_wconf 91' lang='lat' dir='ltr'><strong>tumori</strong></span> <span class='ocrx_word' id='word_1_200' title='bbox 279 2611 522 2688; x_wconf 89' lang='lat' dir='ltr'><strong>praecordiorum</strong></span> <span class='ocrx_word' id='word_1_201' title='bbox 546 2614 718 2690; x_wconf 89' lang='lat' dir='ltr'><strong>imponitur.</strong></span> 
     </span>
    </p>

    <p class='ocr_par' dir='ltr' id='par_1_12' title="bbox 59 2696 1125 2867">
     <span class='ocr_line' id='line_1_29' title="bbox 146 2696 1125 2777; baseline 0.004 -21"><span class='ocrx_word' id='word_1_202' title='bbox 146 2696 288 2776; x_wconf 86' lang='lat' dir='ltr'><strong>Malagma</strong></span> <span class='ocrx_word' id='word_1_203' title='bbox 316 2698 352 2757; x_wconf 91' lang='lat' dir='ltr'><strong>ad</strong></span> <span class='ocrx_word' id='word_1_204' title='bbox 379 2699 623 2777; x_wconf 91' lang='lat' dir='ltr'><strong>praecordiorum</strong></span> <span class='ocrx_word' id='word_1_205' title='bbox 651 2702 818 2760; x_wconf 90' lang='lat' dir='ltr'><strong>tensionem</strong></span> <span class='ocrx_word' id='word_1_206' title='bbox 846 2710 876 2760; x_wconf 85' lang='lat' dir='ltr'><strong>et</strong></span> <span class='ocrx_word' id='word_1_207' title='bbox 901 2703 1013 2761; x_wconf 89' lang='lat' dir='ltr'><strong>ventris</strong></span> <span class='ocrx_word' id='word_1_208' title='bbox 1037 2719 1071 2761; x_wconf 92' lang='lat' dir='ltr'><strong>ac</strong></span> <span class='ocrx_word' id='word_1_209' title='bbox 1091 2707 1125 2761; x_wconf 80' lang='grc'><strong>14</strong></span> 
     </span>
     <span class='ocr_line' id='line_1_30' title="bbox 59 2785 1072 2867; baseline 0.005 -24"><span class='ocrx_word' id='word_1_210' title='bbox 59 2785 205 2846; x_wconf 91' lang='lat' dir='ltr'><strong>stomachi</strong></span> <span class='ocrx_word' id='word_1_211' title='bbox 233 2786 375 2846; x_wconf 88' lang='lat' dir='ltr'><strong>duritiem</strong></span> <span class='ocrx_word' id='word_1_212' title='bbox 403 2787 547 2846; x_wconf 92' lang='lat' dir='ltr'><strong>diutinam</strong></span> <span class='ocrx_word' id='word_1_213' title='bbox 576 2805 644 2847; x_wconf 91' lang='lat' dir='ltr'><strong>cum</strong></span> <span class='ocrx_word' id='word_1_214' title='bbox 672 2787 787 2867; x_wconf 88' lang='lat' dir='ltr'><strong>dolore,</strong></span> <span class='ocrx_word' id='word_1_215' title='bbox 816 2788 894 2866; x_wconf 91' lang='lat' dir='ltr'><strong>quod</strong></span> <span class='ocrx_word' id='word_1_216' title='bbox 923 2798 953 2849; x_wconf 87' lang='lat' dir='ltr'><strong>et</strong></span> <span class='ocrx_word' id='word_1_217' title='bbox 979 2791 1072 2849; x_wconf 90' lang='lat' dir='ltr'><strong>iecori</strong></span> 
     </span>
    </p>

    <p class='ocr_par' dir='ltr' id='par_1_13' title="bbox 15 2861 1072 3307">
     <span class='ocr_line' id='line_1_31' title="bbox 15 2861 1072 2954; baseline 0.004 -24"><span class='ocrx_word' id='word_1_218' title='bbox 15 2889 43 2930; x_wconf 84' lang='lat' dir='ltr'><strong>so</strong></span> <span class='ocrx_word' id='word_1_219' title='bbox 59 2879 90 2933; x_wconf 89' lang='lat' dir='ltr'><strong>et</strong></span> <span class='ocrx_word' id='word_1_220' title='bbox 112 2872 185 2934; x_wconf 90' lang='lat' dir='ltr'><strong>lieni</strong></span> <span class='ocrx_word' id='word_1_221' title='bbox 208 2861 339 2953; x_wconf 68' lang='lat' dir='ltr'><strong>prodest&#39;,</strong></span> <span class='ocrx_word' id='word_1_222' title='bbox 362 2875 519 2933; x_wconf 85' lang='lat' dir='ltr'><strong>conficitur</strong></span> <span class='ocrx_word' id='word_1_223' title='bbox 543 2877 598 2934; x_wconf 90' lang='lat' dir='ltr'><strong>sic:</strong></span> <span class='ocrx_word' id='word_1_224' title='bbox 627 2875 718 2934; x_wconf 86' lang='lat' dir='ltr'><strong>Cerae</strong></span> <span class='ocrx_word' id='word_1_225' title='bbox 742 2875 773 2934; x_wconf 93' lang='lat' dir='ltr'><strong>P.</strong></span> <span class='ocrx_word' id='word_1_226' title='bbox 792 2875 813 2954; x_wconf 93' lang='lat' dir='ltr'><strong>l,</strong></span> <span class='ocrx_word' id='word_1_227' title='bbox 839 2885 939 2952; x_wconf 84' lang='lat' dir='ltr'><strong>guttae</strong></span> <span class='ocrx_word' id='word_1_228' title='bbox 963 2895 1072 2935; x_wconf 91' lang='lat' dir='ltr'><strong>ammo·</strong></span> 
     </span>
     <span class='ocr_line' id='line_1_32' title="bbox 58 2960 1072 3043; baseline 0 -21"><span class='ocrx_word' id='word_1_229' title='bbox 58 2963 138 3022; x_wconf 90' lang='lat' dir='ltr'><strong>niaci</strong></span> <span class='ocrx_word' id='word_1_230' title='bbox 161 2962 191 3023; x_wconf 92' lang='lat' dir='ltr'><strong>P.</strong></span> <span class='ocrx_word' id='word_1_231' title='bbox 211 2962 236 3043; x_wconf 88' lang='lat'><strong>1,</strong></span> <span class='ocrx_word' id='word_1_232' title='bbox 260 2964 314 3021; x_wconf 91' lang='lat' dir='ltr'><strong>iris</strong></span> <span class='ocrx_word' id='word_1_233' title='bbox 337 2960 469 3040; x_wconf 85' lang='lat' dir='ltr'><strong>Illyricae</strong></span> <span class='ocrx_word' id='word_1_234' title='bbox 494 2960 519 3020; x_wconf 96' lang='lat' dir='ltr'><strong>X</strong></span> <span class='ocrx_word' id='word_1_235' title='bbox 538 2960 634 3042; x_wconf 92' lang='lat' dir='ltr'><strong>XXll,</strong></span> <span class='ocrx_word' id='word_1_236' title='bbox 660 2964 838 3040; x_wconf 91' lang='lat' dir='ltr'><strong>opopanacis</strong></span> <span class='ocrx_word' id='word_1_237' title='bbox 861 2962 967 3043; x_wconf 96' lang='lat' dir='ltr'><strong>XXX,</strong></span> <span class='ocrx_word' id='word_1_238' title='bbox 991 2965 1072 3022; x_wconf 88' lang='lat' dir='ltr'><strong>anesi</strong></span> 
     </span>
     <span class='ocr_line' id='line_1_33' title="bbox 57 3049 1072 3131; baseline 0.001 -22"><span class='ocrx_word' id='word_1_239' title='bbox 57 3049 191 3129; x_wconf 91' lang='lat' dir='ltr'><strong>XXXV,</strong></span> <span class='ocrx_word' id='word_1_240' title='bbox 215 3052 401 3129; x_wconf 84' lang='lat' dir='ltr'><strong>faenograeci</strong></span> <span class='ocrx_word' id='word_1_241' title='bbox 421 3051 542 3110; x_wconf 90' lang='lat' dir='ltr'><strong>seminis</strong></span> <span class='ocrx_word' id='word_1_242' title='bbox 561 3049 586 3108; x_wconf 93' lang='lat' dir='ltr'><strong>X</strong></span> <span class='ocrx_word' id='word_1_243' title='bbox 605 3049 692 3131; x_wconf 91' lang='lat' dir='ltr'><strong>XXV,</strong></span> <span class='ocrx_word' id='word_1_244' title='bbox 716 3052 832 3110; x_wconf 90' lang='lat' dir='ltr'><strong>resinae</strong></span> <span class='ocrx_word' id='word_1_245' title='bbox 855 3050 1072 3111; x_wconf 90' lang='lat' dir='ltr'><strong>terebinthinae</strong></span> 
     </span>
     <span class='ocr_line' id='line_1_34' title="bbox 56 3136 1072 3220; baseline 0 -22"><span class='ocrx_word' id='word_1_246' title='bbox 56 3137 91 3198; x_wconf 91' lang='lat' dir='ltr'><strong>P.</strong></span> <span class='ocrx_word' id='word_1_247' title='bbox 109 3138 146 3220; x_wconf 91' lang='lat' dir='ltr'><strong>L,</strong></span> <span class='ocrx_word' id='word_1_248' title='bbox 175 3140 270 3218; x_wconf 91' lang='lat' dir='ltr'><strong>adipis</strong></span> <span class='ocrx_word' id='word_1_249' title='bbox 299 3140 400 3200; x_wconf 91' lang='lat' dir='ltr'><strong>suillae</strong></span> <span class='ocrx_word' id='word_1_250' title='bbox 429 3141 539 3199; x_wconf 90' lang='lat' dir='ltr'><strong>veteris</strong></span> <span class='ocrx_word' id='word_1_251' title='bbox 562 3138 593 3199; x_wconf 94' lang='lat' dir='ltr'><strong>P.</strong></span> <span class='ocrx_word' id='word_1_252' title='bbox 613 3139 649 3220; x_wconf 89' lang='lat' dir='ltr'><strong>L,</strong></span> <span class='ocrx_word' id='word_1_253' title='bbox 678 3140 755 3199; x_wconf 92' lang='lat' dir='ltr'><strong>aceti</strong></span> <span class='ocrx_word' id='word_1_254' title='bbox 778 3140 855 3199; x_wconf 90' lang='lat' dir='ltr'><strong>acris</strong></span> <span class='ocrx_word' id='word_1_255' title='bbox 874 3136 905 3198; x_wconf 58' lang='grc' dir='ltr'><strong><em>ἃ</em></strong></span> <span class='ocrx_word' id='word_1_256' title='bbox 925 3139 950 3219; x_wconf 88' lang='lat' dir='ltr'><strong>l,</strong></span> <span class='ocrx_word' id='word_1_257' title='bbox 976 3139 1072 3199; x_wconf 93' lang='lat' dir='ltr'><strong>mellis</strong></span> 
     </span>
     <span class='ocr_line' id='line_1_35' title="bbox 56 3225 1072 3307; baseline 0.002 -21"><span class='ocrx_word' id='word_1_258' title='bbox 56 3225 89 3288; x_wconf 92' lang='lat' dir='ltr'><strong>P.</strong></span> <span class='ocrx_word' id='word_1_259' title='bbox 107 3227 144 3288; x_wconf 90' lang='grc' dir='ltr'><strong>ΙΙ.</strong></span> <span class='ocrx_word' id='word_1_260' title='bbox 182 3228 241 3288; x_wconf 91' lang='lat' dir='ltr'><strong>Mel</strong></span> <span class='ocrx_word' id='word_1_261' title='bbox 264 3247 332 3289; x_wconf 91' lang='lat' dir='ltr'><strong>cum</strong></span> <span class='ocrx_word' id='word_1_262' title='bbox 356 3236 439 3289; x_wconf 93' lang='lat' dir='ltr'><strong>aceto</strong></span> <span class='ocrx_word' id='word_1_263' title='bbox 463 3228 703 3307; x_wconf 91' lang='lat' dir='ltr'><strong>permiscendum</strong></span> <span class='ocrx_word' id='word_1_264' title='bbox 727 3235 773 3288; x_wconf 85' lang='lat' dir='ltr'><strong>est</strong></span> <span class='ocrx_word' id='word_1_265' title='bbox 795 3235 884 3307; x_wconf 90' lang='lat' dir='ltr'><strong>atque</strong></span> <span class='ocrx_word' id='word_1_266' title='bbox 907 3227 967 3289; x_wconf 91' lang='lat' dir='ltr'><strong>illic</strong></span> <span class='ocrx_word' id='word_1_267' title='bbox 991 3228 1072 3288; x_wconf 90' lang='lat' dir='ltr'><strong>arida</strong></span> 
     </span>
    </p>
   </div>
   <div class='ocr_carea' id='block_1_3' title="bbox 57 3433 1072 3579">
    <p class='ocr_par' dir='ltr' id='par_1_14' title="bbox 57 3433 1072 3579">
     <span class='ocr_line' id='line_1_36' title="bbox 148 3433 1072 3491; baseline 0.002 -3"><span class='ocrx_word' id='word_1_268' title='bbox 148 3439 164 3488; x_wconf 82' lang='lat'><strong>2</strong></span> <span class='ocrx_word' id='word_1_269' title='bbox 193 3434 375 3489; x_wconf 83' lang='lat' dir='ltr'><strong>transmissus</strong></span> <span class='ocrx_word' id='word_1_270' title='bbox 402 3435 453 3491; x_wconf 79' lang='lat' dir='ltr'><strong>est.</strong></span> <span class='ocrx_word' id='word_1_271' title='bbox 562 3442 579 3489; x_wconf 89' lang='grc'>4</span> <span class='ocrx_word' id='word_1_272' title='bbox 604 3434 777 3489; x_wconf 70' lang='lat' dir='ltr'><strong>filacterium,</strong></span> <span class='ocrx_word' id='word_1_273' title='bbox 886 3439 903 3490; x_wconf 88' lang='lat'>8</span> <span class='ocrx_word' id='word_1_274' title='bbox 930 3433 1072 3490; x_wconf 84' lang='lat' dir='ltr'><strong>faeniculi.</strong></span> 
     </span>
     <span class='ocr_line' id='line_1_37' title="bbox 57 3503 777 3579; baseline 0.007 -21"><span class='ocrx_word' id='word_1_275' title='bbox 57 3508 92 3558; x_wconf 80' lang='grc'><strong>33</strong></span> <span class='ocrx_word' id='word_1_276' title='bbox 112 3503 142 3561; x_wconf 91' lang='grc' dir='ltr'><strong>Ρ.</strong></span> <span class='ocrx_word' id='word_1_277' title='bbox 157 3503 192 3577; x_wconf 87' lang='lat' dir='ltr'><strong>L]</strong></span> <span class='ocrx_word' id='word_1_278' title='bbox 211 3523 239 3574; x_wconf 88' lang='lat' dir='ltr'><strong>p.</strong></span> <span class='ocrx_word' id='word_1_279' title='bbox 258 3503 320 3559; x_wconf 89' lang='lat' dir='ltr'><strong>XL</strong></span> <span class='ocrx_word' id='word_1_280' title='bbox 341 3503 465 3560; x_wconf 80' lang='lat' dir='ltr'><strong>Scrahoc.</strong></span> <span class='ocrx_word' id='word_1_281' title='bbox 539 3512 574 3562; x_wconf 78' lang='grc'><strong>34</strong></span> <span class='ocrx_word' id='word_1_282' title='bbox 592 3505 664 3579; x_wconf 69' lang='lat' dir='ltr'><strong>mel]</strong></span> <span class='ocrx_word' id='word_1_283' title='bbox 679 3507 777 3563; x_wconf 84' lang='lat' dir='ltr'><strong>malle.</strong></span> 
     </span>
    </p>
   </div>
   <div class='ocr_carea' id='block_1_4' title="bbox 0 0 1224 3802">
    <p class='ocr_par' dir='ltr' id='par_1_15' title="bbox 0 0 1224 3802">
     <span class='ocr_line' id='line_1_38' title="bbox 0 0 1224 3802; baseline 0 1"><span class='ocrx_word' id='word_1_284' title='bbox 0 0 1224 3802; x_wconf 95' lang='lat' dir='ltr'><strong> </strong></span> 
     </span>
    </p>
   </div>
  </div>
 </body>
</html>
