2438 3802
456 140 731 212 Ι-261-

100 314 233 391 spissum
260 312 401 392 poculum
429 312 527 373 detur.
570 309 720 372 Vessicam
748 310 858 372 relevat
886 312 1006 374 coliculi
1033 317 1170 377 cocti104

100 418 178 481 aqua
200 404 301 464 triduo
325 420 342 462 a
364 403 465 462 ieiuno
488 400 598 478 iugiter
621 407 699 477 pota.

189 491 234 553 Ad
261 492 393 552 vessicae
419 492 490 550 vitia
514 488 657 549 curanda:
690 486 805 566 Myrrae
829 492 1011 551 semunciam
1034 490 1110 553 bene
1118 506 1169 555 100

99 581 188 639 tritae
212 600 282 642 cum
305 578 395 640 mulsi
417 579 527 638 veteris
550 576 667 656 cyathis,
687 575 784 638 tribus
806 577 889 638 dabis
907 598 962 658 per
981 580 1115 641 triduum

70 669 200 730 cicinno
222 669 344 731 exeunti
363 668 462 728 statim
481 685 498 726 a
516 664 642 747 balineo,
665 667 705 726 ita
725 673 766 745 ut,
790 666 861 727 dum
881 666 998 730 sabanis
1017 672 1114 750 operi-

99 767 160 840 tur,
184 758 316 838 singulos
339 757 371 816 iu
395 755 474 816 diem
497 754 618 833 cyathos
642 752 730 815 bibat.

189 847 223 908 Si
248 849 280 907 iu
306 846 421 905 vessica
448 842 559 923 aliquid
588 842 739 903 molestiae
767 843 871 925 fuerit,
903 848 976 907 nitri
1003 847 1107 909 liorem
1117 861 1167 910 106

99 933 147 994 vel
165 935 264 996 sitlos
283 952 343 995 non
361 934 461 1014 luerit,
484 935 583 1011 ipsum
601 933 715 992 nitrum
734 940 872 994 conteres
892 942 922 995 et
941 954 1009 996 cum
1029 956 1115 1020 aqua,

97 1027 130 1084 in
158 1041 218 1102 qua
244 1022 363 1085 coliculi
390 1023 468 1083 cocti
495 1021 620 1093 fuerint,
647 1021 774 1100 vinoque
802 1024 900 1100 picato
924 1025 970 1084 vel
994 1035 1113 1087 austero

55 1111 213 1175 rorubello
242 1113 402 1174 durissimo
432 1110 515 1170 dabis
542 1107 705 1169 bibendum
732 1128 787 1188 per
815 1111 948 1174 triduum
976 1115 1022 1174 vel
1048 1115 1114 1177 diu-

98 1204 167 1282 tius,
191 1204 218 1263 si
240 1204 281 1262 ita
305 1218 380 1280 opus
403 1200 507 1280 fuerit3
531 1198 821 1276 magnificentissime
845 1201 987 1278 proderit.

186 1289 286 1352 Prima
313 1289 380 1349 luce
408 1306 484 1368 puer
511 1289 593 1365 virgo
617 1304 716 1347 rorem
742 1287 778 1347 de
802 1287 880 1348 foliis
904 1289 1033 1351 caulium
1057 1305 1165 1356 err-107

98 1398 219 1442 cussum
242 1382 275 1440 in
298 1396 373 1438 nova
397 1376 454 1437 olla
477 1377 617 1456 excipiat,
645 1393 704 1435 non
732 1377 831 1436 minus
859 1380 1004 1439 sextarios
1029 1390 1111 1460 quat·

98 1480 179 1551 tuor,
208 1488 243 1530 co
271 1467 382 1528 adicies
410 1465 506 1526 mellis
535 1466 719 1543 quartarium
747 1472 777 1525 et
804 1466 883 1526 faeni
910 1470 1009 1546 graeci
1033 1469 1110 1531 bene

54 1572 81 1613 1⁵
95 1559 230 1621 mundati
255 1564 285 1618 et
307 1555 361 1616 loti
384 1555 567 1634 quartarium
592 1560 622 1614 et
639 1552 799 1632 zingiberis
817 1557 921 1617 uncias
939 1564 1002 1617 tres
1021 1567 1110 1638 atque

95 1651 137 1710 ita
164 1648 314 1725 decoques
341 1645 424 1705 boris
452 1641 549 1703 tribus
578 1649 607 1702 ct
634 1641 704 1702 inde
731 1641 894 1704 bibendum
918 1644 1002 1707 dabis
1025 1667 1111 1709 mane

94 1738 196 1797 ieiuno
220 1733 368 1797 calculoso
388 1734 572 1812 quartarium
592 1739 751 1809 tepentem.
786 1730 866 1794 Haec
883 1737 964 1813 potio
984 1754 1038 1814 per
1058 1741 1110 1798 tri·

95 1825 188 1887 duum
212 1831 330 1902 sumpta
353 1838 493 1882 mensura
517 1822 661 1899 quartarii
685 1829 715 1880 et
737 1823 881 1883 vessicam
905 1832 935 1884 et
958 1827 1110 1888 reniculos

96 1923 128 1974 ct
149 1915 289 1974 intestina
312 1912 460 1972 universis
484 1908 622 1969 sordibus
645 1917 762 1987 purgat.

52 2012 81 2052 2⁰
185 2001 301 2080 Piperis
328 2017 419 2080 grana
446 1995 538 2078 Vllll,
571 1997 705 2057 eiusdem
731 1998 873 2076 ponderis
902 2000 1006 2080 sulpur
1033 2007 1104 2064 trita
1113 2018 1163 2067 108

96 2089 186 2152 simul
207 2093 239 2150 in
261 2092 329 2149 vino
353 2096 453 2148 vetere
478 2084 562 2146 dabis
585 2084 714 2146 hibenda
732 2089 832 2148 ieiuno
852 2088 1009 2172 calculoso,
1033 2091 1110 2154 solet

94 2181 194 2241 statim
217 2180 381 2259 perniciem
401 2176 571 2254 demovere3
596 2176 621 2233 si
640 2183 738 2236 tamen
757 2176 835 2237 ultra
854 2177 938 2238 dolor
957 2184 1108 2262 manserit,

93 2272 204 2330 iterum
227 2266 311 2328 dabis
335 2264 462 2326 similem
484 2265 645 2342 potionem.

182 2356 294 2418 Pellem
316 2355 427 2434 leporis
451 2360 602 2413 recentem
625 2353 657 2411 in
676 2350 732 2412 olla
751 2354 862 2415 munda
880 2355 925 2416 vel
945 2357 1043 2436 tegula
1062 2361 1161 2424 italos

49 2457 79 2498 2⁶
93 2465 163 2509 cum
184 2446 252 2506 lana
276 2463 328 2505 sua
352 2441 519 2520 combures,
542 2449 576 2502 ut
599 2442 631 2500 in
653 2443 864 2504 tenuissimum
888 2445 1043 2524 pulverem
1061 2467 1109 2510 re·

92 2537 196 2614 digere
223 2535 335 2615 possis,
368 2549 457 2610 quem
485 2529 649 2590 cribratum
677 2531 708 2590 in
736 2550 805 2592 vaso
836 2535 930 2595 nitido
962 2537 1108 2620 servabis3

92 2625 162 2686 iude
177 2641 246 2685 cum
261 2640 336 2702 opus
351 2621 449 2700 luerit,
468 2621 525 2680 tria
540 2617 678 2679 cocliaria
692 2621 723 2679 iu
736 2623 858 2699 potione
873 2623 956 2685 dabis
971 2625 1108 2710 bibenda,

92 2731 169 2792 quae
197 2730 247 2773 res
277 2713 338 2771 sive
362 2708 467 2770 calculi
490 2709 552 2768 sive
575 2709 707 2768 vessicae
731 2709 849 2771 dolores
872 2715 1014 2775 continuo
1039 2735 1108 2776 con·

91 2804 196 2880 poscit.
243 2799 302 2861 Sed
330 2797 424 2860 multo
451 2797 604 2876 potentius
632 2798 689 2857 erit
715 2798 894 2880 remedium,
922 2804 948 2862 si
975 2802 1108 2882 leporem

48 2898 77 2939 ⁸⁰
92 2893 192 2952 rivum
220 2892 251 2950 in
280 2888 337 2949 olla
364 2903 439 2946 nova
467 2883 588 2944 claudas
616 2892 646 2944 et
675 2903 767 2964 gypso
798 2892 896 2950 omnia
926 2893 1107 2969 spiramenta

90 2981 169 3040 rasis
193 2979 331 3039 obstruas
355 2976 439 3035 etin
462 2973 550 3032 furno
574 2991 669 3052 usque
693 2974 730 3034 ad
752 2975 878 3037 favillam
902 2982 1107 3042 tenuissimam

90 3086 208 3129 cremes
230 3069 392 3144 tritamque
417 3070 447 3122 ct
470 3059 630 3122 cribratam
648 3062 793 3125 recondas
814 3073 903 3145 atque
921 3069 990 3130 iude
1010 3079 1107 3132 certas

91 3174 247 3217 mensuras
270 3157 302 3214 in
324 3155 445 3233 potione
469 3151 530 3210 vini
552 3150 659 3211 offeras
682 3151 839 3215 calculosis
863 3163 893 3217 et
917 3160 969 3237 qrri
988 3162 1107 3239 sangui·

90 3263 160 3306 nem
183 3247 335 3324 mingunt3
358 3243 434 3301 mire
457 3257 509 3300 eos
534 3238 659 3301 sanabis.

182 3376 332 3434 lcolicoli.
379 3376 456 3432 8vel
470 3391 521 3431 om.
572 3375 724 3432 900110011.
777 3383 810 3433 14
824 3381 906 3436 cerba
919 3381 996 3436 faeni
1010 3382 1106 3452 graeci

89 3452 162 3508 bene
176 3449 307 3504 mundati
326 3450 356 3503 et
373 3446 428 3504 1011
442 3446 613 3516 quartarium
628 3449 658 3501 et
671 3463 721 3505 om.
774 3454 806 3504 17
821 3453 928 3519 tepens.
980 3458 1014 3506 25
1029 3468 1106 3507 cum·

90 3523 182 3577 bures.
256 3526 290 3575 28
310 3519 411 3574 0010011
429 3517 542 3587 scripsi:
562 3517 687 3574 calculis.
760 3524 797 3574 a‘t
813 3521 968 3576 recondes.
