2438 3802
419 873 724 948 PRAEFATIO.

130 1125 281 1203 Marcelli,
310 1143 400 1201 quem
422 1126 515 1202 uulgo
538 1126 648 1186 vocant
675 1124 865 1204 empirieum,
893 1126 929 1185 de
952 1125 1081 1184 medica·

64 1223 172 1282 mentis
187 1222 265 1281 liber
278 1241 347 1300 uno,
367 1223 447 1298 quod
461 1221 600 1299 equidem
616 1221 717 1300 seiam,
736 1223 835 1282 codice
850 1223 936 1282 nobis
950 1223 1082 1283 traditus

64 1324 123 1397 est,
146 1320 382 1379 Laudunensi
401 1321 466 1380 420
489 1313 594 1398 (antea
610 1311 699 1400 326).
746 1319 806 1389 Qui
828 1320 1082 1399 membranaceus,

63 1417 207 1476 foliorum
238 1415 506 1493 OLXXXXVHH,
535 1417 655 1476 saeculo
684 1416 776 1476 VIIII
808 1417 920 1492 optime
953 1417 1082 1492 scriptus

63 1505 116 1595 (cf.
141 1514 299 1589 Gataloaae
318 1515 437 1589 ye'ulral
459 1516 509 1574 dee
531 1518 707 1576 manuscrits
735 1517 785 1575 des
807 1517 1008 1589 bibliotheqace
1024 1535 1082 1590 pa-

63 1613 173 1686 bliqaes
187 1613 237 1672 aec
250 1612 458 1686 debantemeats
472 1618 537 1673 tora.
552 1613 568 1671 I
575 1632 608 1688 p.
625 1605 715 1696 223),
733 1633 794 1674 non
807 1613 927 1690 integer
940 1613 1079 1690 pervenit

63 1709 102 1768 ud
135 1711 270 1768 nostram
300 1712 440 1770 aetatem.
485 1711 612 1770 Initium
639 1712 704 1772 eius
734 1731 813 1772 nuno
841 1714 888 1771 est
920 1731 938 1770 a
967 1712 1081 1772 verbis:

61 1808 217 1881 Incipiunt
242 1809 382 1882 epistulae
408 1809 589 1868 diuersorum
616 1811 651 1869 de
678 1812 817 1883 qualitate
839 1815 866 1869 et
887 1811 1082 1870 obseruatione

62 1906 230 1965 medicinae.
267 1905 401 1980 Larqias
413 1906 644 1980 Desiaaatiaaas
657 1908 728 1978 tiliis
741 1908 804 1966 sais
817 1907 939 1965 salutem
954 1908 981 1965 d.
1003 1897 1045 1986 (p.
1060 1909 1081 1965 4

62 2002 153 2061 huius
179 1993 342 2083 editionis).
388 2003 604 2063 Desiderantur
633 2001 729 2077 igitur
755 2001 845 2060 index
872 2002 1081 2077 capitulorum,

62 2095 200 2159 Marcelli
223 2100 356 2176 epistula
379 2101 418 2160 ad
440 2100 518 2160 filios
542 2100 626 2177 data,
653 2100 716 2157 tres
740 2097 973 2175 disputationes,
1002 2116 1079 2173 quae

63 2201 136 2258 suut
150 2197 186 2256 de
200 2198 349 2258 mensuris
364 2201 394 2257 et
412 2197 596 2274 ponderibus
615 2195 851 2278 medicinalibus,
872 2195 948 2254 duae
963 2194 1079 2274 Latine,

62 2296 155 2354 tertia
183 2294 296 2354 Graece
330 2295 467 2371 scriptae.
514 2294 581 2364 Qua
609 2293 727 2354 iactura
756 2294 848 2370 primi
875 2295 1081 2370 quaternionis

62 2393 112 2451 vel
130 2392 276 2452 ternionis
295 2393 410 2452 factum
429 2394 484 2471 est,
502 2394 539 2450 ut
557 2391 645 2452 hodie
664 2411 813 2470 nusquam
831 2393 863 2452 in
881 2393 982 2453 codice
1001 2394 1080 2452 Mer-

62 2490 131 2549 aelli
149 2509 259 2550 nomen
277 2491 458 2567 reperiatur,
483 2491 520 2550 ob
540 2509 665 2566 eamque
684 2509 813 2564 causam,
832 2509 870 2550 ne
889 2491 981 2550 codex
1000 2492 1081 2550 esset

62 2604 239 2664 anonymus,
263 2588 309 2648 vir
333 2588 439 2648 doctus
461 2587 636 2648 recentioris
656 2589 765 2649 aetatis
788 2589 819 2648 in
837 2588 973 2664 margine
991 2587 1082 2662 primi

62 2684 129 2744 folii
152 2686 285 2761 scripsit:
320 2687 488 2746 Viadiciaai
509 2688 652 2746 medicina
680 2686 845 2763 eademque
873 2685 1022 2746 vocabula
1049 2686 1081 2744 iu

63 2784 185 2860 tergore
209 2783 280 2841 libri
298 2784 410 2843 litteris
430 2783 530 2842 aureis
549 2782 697 2857 impressa
715 2787 794 2844 sunt.
827 2783 886 2842 Sed
903 2803 964 2844 non
983 2784 1082 2843 solum

62 2879 193 2957 initium,
207 2900 313 2940 verum
327 2882 418 2940 etiam
432 2879 500 2938 finis
514 2877 623 2938 codicis
638 2883 813 2954 temporum
830 2879 943 2937 iniuria
956 2880 1080 2956 interiit,

62 2975 173 3037 desinit
196 2978 274 3036 euim
297 2980 328 3038 in
351 2976 520 3039 vocabulis:
543 2975 666 3050 Spiaam
689 2993 723 3034 aa
740 2976 815 3048 pede
837 2975 882 3032 cel
904 2991 1082 3047 quacumque

64 3078 193 3149 eorpmis
214 3081 302 3150 parte
332 3067 371 3158 (c.
391 3077 485 3154 34‚85
506 3096 534 3152 p.
557 3077 619 3136 356
639 3075 668 3134 h.
688 3064 757 3156 ed).
809 3069 907 3141 Quam
933 3070 1081 3130 iacturam

64 3172 205 3232 extremis
234 3173 350 3233 duobus
378 3173 627 3250 quaternionibus
658 3171 775 3234 amissis
803 3170 990 3229 contractam
1017 3185 1081 3228 esse

62 3268 140 3330 inite
162 3271 281 3330 ratione
309 3271 397 3331 facile
420 3270 581 3349 colligitur.
627 3269 686 3329 Sed
708 3288 745 3328 ne
769 3266 863 3328 ceteri
876 3266 1007 3343 quidem
1029 3267 1082 3342 qui

63 3366 101 3426 ab
124 3367 212 3427 initio
236 3368 360 3428 fuerunt
382 3367 492 3428 codicis
514 3366 666 3428 terniones
690 3367 738 3427 vel
762 3364 973 3443 quaterniones
996 3365 1081 3425 nobis

63 3465 178 3526 servati
202 3468 286 3541 sunt3
314 3465 422 3526 desunt
450 3465 531 3526 enim
553 3465 642 3529 hodie
665 3463 927 3546 quaternionesl
958 3462 1101 3525 dum

850 3568 888 3625 ᾖ*
