2438 3802
526 159 745 224 ..37-

133 340 200 383 cum
229 321 316 382 melle
343 324 435 383 mixto
464 325 496 383 in
523 321 628 384 balneo
658 322 734 384 lava:
767 325 866 384 statim
895 325 1023 388 cessabit
1050 327 1143 389 dolor.

132 409 223 472 lntibi
250 413 368 472 contusi
395 429 501 472 sucum
529 410 595 472 oleo
622 429 744 473 rosaceo
772 420 803 473 et
830 420 913 474 aceto
941 417 1004 475 aori
1028 416 1143 495 aequali
1163 428 1197 478 92

133 517 272 562 mensura
294 501 420 561 mixtum
444 503 533 580 capiti
555 500 716 562 laborantis
739 501 873 562 infundo.
919 501 1091 582 Serpullum
1114 507 1145 565 in
1164 516 1198 566 99

133 596 216 650 99999
245 589 402 650 decoctum
430 589 523 650 fronti
551 589 712 650 laborantis
739 590 864 651 infunde
891 590 937 651 vel
962 591 1148 670 temporibus

106 679 267 757 cinponito
291 685 321 738 et
344 679 370 738 si
394 696 517 739 somnus
543 677 673 739 difficilis
692 687 749 760 est,
773 678 838 739 oleo
857 679 1041 760 amygdalino
1060 688 1149 759 caput

133 784 275 846 perunge.
311 765 401 826 Betae
419 769 522 845 nigrae
541 785 631 828 sucus
651 767 835 846 temporibus
854 767 983 829 dolentis
997 771 1145 849 inpositus
1166 781 1203 831 94

135 857 243 915 mirum
270 855 436 916 remedium
463 863 517 916 est.
563 854 671 917 liutam
699 857 824 917 viridem
846 859 947 918 tritam
970 875 1038 918 curm
1062 867 1147 920 aceto
1166 868 1202 920 99

136 945 281 1003 acerrimo
304 951 334 1004 et
356 943 421 1004 oleo
443 961 566 1005 rosaceo
585 944 701 1024 aequali
718 963 859 1006 mensura
878 953 941 1007 toto
960 949 1051 1025 capiti
1069 945 1149 1008 labo·

135 1033 229 1093 rantis
257 1031 388 1094 infunde.
425 1031 515 1095 Lauri
538 1033 626 1094 bacas
648 1032 762 1115 XXXV,
790 1036 904 1113 piperis
926 1053 1017 1113 grana
1041 1033 1148 1094 XXXV
1167 1047 1202 1098 90

95 1137 121 1177 ro
135 1127 199 1182 tere
223 1129 253 1182 et
275 1123 361 1182 tritas
385 1139 453 1182 cum
477 1123 524 1182 ori
546 1121 612 1182 albo
636 1122 817 1201 temperabis
844 1130 875 1184 et
897 1123 990 1184 fronti
1013 1125 1148 1202 inpones.

135 1209 209 1271 Ossa
232 1209 269 1270 de
288 1211 415 1290 persicis
437 1212 526 1271 etiam
545 1211 696 1271 duracinis
715 1211 834 1290 franges
853 1219 883 1272 et
901 1211 1025 1273 nucleos
1043 1229 1147 1272 eorum
1166 1223 1200 1274 99

135 1297 256 1377 colliges
280 1308 310 1360 et
333 1298 459 1360 siccabis
482 1301 514 1360 in
537 1298 644 1360 umbra
667 1307 788 1361 etcum
811 1317 936 1361 necesse
954 1300 1055 1380 fuerit,
1078 1317 1148 1361 cum

135 1389 183 1448 991
205 1386 271 1448 albo
295 1387 474 1468 temperabis
498 1396 528 1449 et
546 1387 638 1448 fronti
657 1389 882 1468 superinpones.
921 1388 1016 1468 Caput
1034 1391 1060 1450 si
1079 1390 1146 1469 quis
1165 1400 1188 1450 09

134 1479 178 1538 919
202 1475 346 1557 doluerit,
373 1484 407 1538 ut
429 1476 560 1538 medium
583 1475 656 1537 findi
678 1476 827 1558 videatur,
854 1476 982 1538 hederae
1006 1485 1148 1540 contusae

93 1579 119 1622 9
136 1582 242 1626 sucum
265 1583 321 1646 per
343 1565 498 1627 linteolum
520 1565 679 1628 delicatum
701 1566 847 1628 mundum
870 1568 1015 1648 exprimat
1035 1565 1149 1627 999199

135 1657 224 1716 etiam
247 1671 371 1716 rosaceo
395 1655 555 1716 admisceat
577 1663 608 1716 et
630 1657 673 1716 sic
692 1655 820 1716 frontem
840 1663 870 1716 et
888 1663 1022 1735 tempora
1040 1672 1149 1734 perun·

135 1751 185 1823 gat
204 1750 234 1804 et
253 1743 379 1804 cerebro
398 1751 428 1804 99
445 1743 568 1806 naribus
586 1744 656 1805 inde
670 1752 701 1805 et
715 1743 858 1806 auriculis
871 1743 1015 1806 infundat.
1054 1743 1149 1822 Caput
1168 1754 1201 1804 99

136 1834 162 1893 91
185 1850 221 1892 ex
241 1833 351 1912 frigore
371 1833 508 1914 doluerit,
526 1843 712 1912 unguentum
731 1835 843 1894 irinum
861 1852 930 1894 cum
949 1832 1014 1894 oleo
1033 1831 1150 1894 laurino

135 1923 228 1982 misce
252 1930 283 1982 et
305 1921 481 1983 calefactum
505 1921 630 1982 cerebro
650 1921 833 1999 superfundo
857 1929 888 1982 et
910 1924 1035 1999 insuper
1053 1922 1150 1982 lanam

95 2023 122 2062 ²⁰
136 2018 257 2071 unctam
285 2013 365 2071 91999
392 2020 482 2090 99999
509 2027 595 2089 pone.
643 2008 675 2069 st
698 2011 748 2069 991
769 2007 850 2069 nulla
874 2009 911 2069 de
934 2027 1024 2069 causa
1046 2008 1204 2071 subitotoo

137 2107 226 2178 caput
249 2107 279 2160 et
302 2107 437 2179 tempora
461 2098 624 2179 doluerint,
652 2114 752 2177 myrra
775 2115 811 2157 ex
833 2099 902 2156 vino
925 2099 1056 2157 crassius
1081 2097 1152 2157 trita

136 2195 271 2267 tempora
299 2187 425 2269 oblinat,
452 2187 499 2248 991
527 2185 624 2248 fabam
652 2186 760 2246 fresam
788 2187 819 2247 in
848 2203 925 2265 aqua
946 2185 1032 2264 prius
1056 2203 1152 2246 mace·

136 2286 244 2359 ratam,
269 2285 373 2355 postea
395 2279 427 2337 in
450 2279 518 2337 vino
537 2276 690 2337 decoctam
708 2276 809 2336 tritam
832 2274 909 2336 bene
933 2274 1038 2336 iulinat
1061 2274 1153 2335 fronti

136 2365 184 2426 vel
207 2364 295 2426 bacas
318 2364 395 2426 lauri
417 2367 514 2445 inpari
537 2383 663 2426 numero
686 2372 820 2426 conterat
846 2366 943 2447 prius,
971 2363 1078 2425 deiude
1103 2362 1152 2425 ad·

96 2463 123 2505 ²⁶
138 2456 230 2514 mixto
259 2453 323 2515 oleo
352 2453 523 2532 diligentius
552 2461 629 2515 terat
660 2453 697 2515 ad
725 2455 820 2515 instar
848 2453 963 2534 collyrii
991 2461 1020 2514 et
1048 2460 1152 2533 postea

136 2545 168 2603 iu
187 2543 270 2603 fictili
293 2542 446 2604 calefaciat
469 2561 565 2622 eoque
589 2551 678 2623 caput
700 2543 851 2622 perfricet.
888 2542 1028 2621 Purgatio
1049 2553 1204 2603 autemlot

137 2633 252 2713 capitis,
276 2650 314 2692 ne
338 2650 427 2712 supra
452 2635 562 2711 scripta
585 2640 754 2712 nascantur,
778 2632 935 2694 utilissima
954 2632 1051 2692 fertur
1069 2631 1152 2710 haec,

137 2723 163 2781 si
185 2721 290 2801 hysopi
314 2729 365 2781 999
389 2723 502 2800 origani
525 2720 746 2782 summitatibus
770 2723 906 2782 contritis
930 2728 961 2780 et
984 2739 1021 2780 ex
1038 2718 1152 2780 mulsae

138 2827 232 2888 aquae
255 2809 351 2890 cotyla
374 2809 495 2870 dimidia
519 2811 612 2870 coctis
635 2826 669 2868 99
692 2808 815 2869 adsidue
841 2808 999 2869 conlueris.
1037 2807 1206 2888 (1991919109

97 2905 125 2946 ⁸⁰
140 2896 240 2958 ulcera
274 2900 332 2959 cito
362 2905 518 2976 sanantur,
551 2898 576 2955 si
606 2913 678 2955 suco
706 2895 743 2954 de
771 2895 857 2955 betae
885 2896 983 2956 radice
1012 2913 1152 2973 expresso

138 2993 228 3065 99999
251 2989 282 3047 19
305 2986 410 3047 balneo
434 2985 622 3064 perfrioetur.
665 2981 697 3041 Si
721 2984 770 3041 cui
792 2985 824 3042 in
848 2985 944 3061 capite
967 2981 1073 3042 tubera
1096 2994 1205 3044 99-109

138 3083 278 3157 9999999,
311 3077 448 3154 cupressi
480 3073 568 3135 bacas
598 3070 709 3132 virides
741 3071 772 3130 in
805 3071 873 3130 vino
901 3069 1039 3130 decoctas
1067 3071 1153 3130 tritas

139 3163 296 3224 tuberibus
320 3165 456 3245 adponat,
479 3166 519 3224 ita
542 3171 576 3224 ut
598 3179 653 3240 per
676 3159 740 3220 dies
764 3160 896 3239 quinque
919 3159 951 3218 in
975 3159 1070 3238 capite
1091 3156 1152 3218 alli-

139 3259 239 3330 gatum
259 3260 289 3313 et
308 3254 457 3331 signatum
475 3251 659 3313 medicamen
678 3257 807 3330 999999
831 3255 900 3328 9999
918 3247 996 3308 diem
1016 3248 1153 3326 quintum

96 3355 125 3397 99
139 3340 233 3401 991999
256 3359 290 3402 99
309 3351 434 3402 renovet
457 3348 487 3403 et
509 3341 575 3422 hoc,
599 3342 625 3400 si
648 3357 770 3400 9999999
790 3339 889 3418 fuerit,
912 3344 1028 3398 999999
1047 3341 1154 3415 quater

213 3463 228 3511 1
248 3457 378 3513 cessauit.
453 3463 487 3512 10
505 3457 552 3513 ovi
570 3458 683 3527 serpsi.-
702 3472 763 3514 ovo.
835 3452 1161 3525 141919999111911999,

139 3533 173 3583 15
191 3529 289 3585 linteo.
362 3534 396 3584 90
416 3529 499 3584 circu.
572 3533 606 3584 28
624 3527 735 3587 mulsae
753 3527 1046 3604 99999199199999.
