2438 3802
476 123 717 186 -113-

86 287 146 349 duo
169 286 253 363 digiti
271 284 362 344 medii
379 284 440 344 lino
460 283 548 344 simul
567 283 753 362 copulentur,
777 285 877 343 statim
900 284 1034 362 proderit
1053 285 1101 345 ad·

85 392 207 437 versum
235 375 374 453 pituitam
402 381 432 433 et
460 371 648 451 gravedinem
672 382 702 433 et
725 370 953 433 destillationem
975 375 1100 434 narium.

86 464 169 526 Cinis
197 471 342 524 testarum
370 480 406 522 ex
429 463 551 541 ostreis,
579 464 660 523 siin
690 478 803 521 morem
832 459 901 521 salis
923 479 999 540 pane
1023 461 1102 521 colli·
1122 475 1157 525 ta

86 562 175 634 gatur
195 561 225 612 et
243 558 373 630 voretur,
393 551 493 611 statim
509 550 545 610 ad
559 549 768 611 removendam
782 549 972 628 gravedinem
986 551 1102 610 narium

60 641 236 722 oproderit3
259 641 341 718 porri
365 657 483 718 quoque
508 641 627 718 capitati
651 639 719 699 folia
742 640 868 721 incocta,
899 641 924 700 si
943 640 1008 700 sine
1027 656 1102 718 pane

86 730 315 809 manducentur,
334 728 496 808 plurimum
517 735 652 808 prosunt.
685 727 818 806 Corrigia
837 731 942 790 canina
961 729 1029 790 rudi
1048 746 1103 788 nec
1123 741 1156 791 ‘13

87 837 229 898 umquam
257 825 346 878 uncta
378 816 502 896 quilibet
533 817 644 896 digitus
672 819 702 876 in
736 818 838 896 quavis
871 837 961 879 manu
996 818 1103 897 ligatus

87 907 254 970 remedium
279 904 497 966 destillantibus
521 905 643 966 naribus
666 915 805 985 praestat.
848 905 954 969 Oleum
977 907 1104 968 calidum
1124 920 1158 968 74

89 998 172 1058 eunti
193 995 354 1055 dormitum
374 997 410 1074 ei,
432 997 483 1072 qui
497 995 679 1073 gravidinem
697 997 815 1054 narium
832 999 953 1077 patitur,
972 999 1003 1056 in
1023 1013 1103 1056 cere·

49 1107 75 1146 ιο
89 1086 179 1146 brum
195 1082 363 1143 infunditur
382 1092 412 1143 et
425 1085 457 1143 in
472 1101 559 1143 aures
573 1085 743 1159 inmittitur,
757 1082 826 1143 ilico
840 1085 970 1166 prodest.
1000 1085 1106 1144 Ostrea
1125 1097 1158 1146 vo

90 1177 132 1235 ita
161 1181 194 1232 ut
221 1171 296 1232 lecta
320 1180 390 1231 sunt
413 1171 509 1232 adhuc
536 1174 622 1233 testis
651 1174 712 1232 suis
740 1171 840 1232 clausa
867 1174 899 1233 in
926 1170 1105 1233 carbonibus

91 1269 262 1340 coquuntur
281 1268 369 1338 atque
387 1262 428 1320 ita
447 1259 513 1321 cibo
533 1261 642 1320 dantur
661 1262 697 1340 ei,
716 1262 767 1338 qui
788 1261 970 1337 gravidinem
989 1261 1106 1319 narium

89 1353 218 1432 patitur3
241 1358 322 1408 creta
347 1367 465 1428 quoque
484 1348 605 1409 Cimolia
625 1367 661 1408 ex
678 1356 761 1407 aceto
780 1357 866 1408 tunsa
887 1367 976 1425 quam
994 1349 1106 1408 densis-

91 1443 166 1501 sima
187 1437 279 1498 fronti
299 1439 362 1497 eius
381 1440 543 1518 inponitur,
563 1440 612 1498 coi
631 1438 751 1515 sanguis
765 1435 811 1497 vel
825 1438 930 1516 pituita
945 1435 1106 1498 deseendit.

51 1551 78 1589 15
91 1527 246 1590 Masticem
277 1545 346 1586 eum
373 1528 476 1605 pipere
504 1529 625 1588 mixtam
654 1528 705 1605 qui
733 1526 784 1587 diu
810 1526 1107 1604 commanducaverit,
1127 1540 1160 1589 ‘16

92 1617 235 1678 calefacto
264 1615 387 1675 cerebro
416 1634 532 1676 omnem
561 1633 694 1676 umorem
719 1617 835 1676 narium
859 1615 1017 1677 cohibebit.
1060 1613 1108 1673 Git
1128 1631 1160 1680 tv

93 1704 223 1766 calidum
251 1712 393 1765 tostatum
421 1707 452 1764 in
480 1704 600 1765 linteolo
628 1703 808 1781 conligatum
836 1714 866 1764 et
894 1723 981 1783 saepe
1005 1703 1107 1763 odora·

93 1804 159 1856 tum
174 1794 357 1870 gravidinem
371 1796 488 1854 narium
507 1805 537 1854 et
551 1796 688 1872 pituitam
703 1792 837 1874 depellit,
858 1794 974 1854 tunicae
990 1811 1108 1872 quoque

94 1884 205 1944 veteris
229 1882 390 1943 conbustae
414 1882 513 1943 furnus
536 1881 710 1960 frequenter
733 1881 855 1942 naribus
875 1881 1011 1943 admotus
1029 1882 1108 1942 idem

52 1992 78 2032 ao
94 1980 234 2051 praestat.
262 1971 400 2031 Proderit
415 1972 443 2030 ei
457 1969 628 2050 plurimum,
642 1971 695 2048 qui
709 1969 891 2048 gravidinem
906 1974 1020 2032 narium
1035 1973 1109 2049 pati·
1129 1985 1161 2034 78

92 2073 158 2141 tur,
187 2063 212 2120 si
240 2063 270 2120 in
295 2060 396 2122 charta
420 2077 451 2118 se
476 2066 616 2136 emungat
643 2075 767 2136 eamque
793 2058 939 2136 alligatam
968 2058 1108 2138 epistolae

93 2150 182 2211 modo
206 2151 237 2209 in
261 2149 412 2227 publicum
437 2147 558 2227 abiciat,
586 2155 616 2208 et
644 2148 669 2207 si
696 2147 727 2206 in
751 2149 882 2208 cinerem
906 2166 938 2208 se
962 2156 1109 2229 emungat,

94 2257 188 2317 acque
212 2239 348 2317 proficiet
371 2238 406 2298 ad
431 2239 595 2298 sanitatem.
636 2234 733 2296 Salem
756 2244 870 2298 torreat
893 2245 923 2298 et
941 2239 972 2298 in
991 2245 1109 2298 noctem
1130 2257 1163 2308 ‘19

95 2327 154 2388 sibi
168 2327 203 2386 ad
219 2327 377 2387 cerebrum
391 2329 422 2387 in
438 2345 523 2387 sacco
538 2326 618 2407 liget,
637 2327 689 2404 qui
703 2327 840 2404 pituitam
854 2328 975 2406 patitur,
1001 2326 1109 2408 Cepam
1129 2348 1163 2397 80

53 2436 80 2477 as
96 2417 195 2476 diram
210 2415 405 2477 conditorium
421 2425 575 2477 contusam
591 2433 660 2477 oum
674 2424 757 2476 aceto
777 2418 922 2478 acerrimo
938 2419 1110 2479 commisce·

95 2505 143 2566 bis
171 2513 201 2565 et
229 2505 360 2583 adpones
388 2505 511 2566 naribus
535 2508 613 2587 ciue,
641 2505 690 2565 cui
714 2509 833 2584 sanguis
856 2507 935 2587 lluit,
964 2508 1051 2568 etad
1079 2526 1110 2567 sc

96 2593 218 2654 naribus
247 2593 345 2654 trabat
368 2605 397 2655 et
425 2597 510 2673 quasi
534 2594 660 2673 sorbeat,
685 2596 786 2655 statim
809 2596 938 2656 cessabit
961 2599 1058 2656 sanies
1082 2604 1112 2655 et

95 2682 195 2742 fluxus
210 2682 403 2746 inhibebitur,
433 2683 574 2743 Radicem
589 2681 730 2743 cannabis
744 2682 865 2744 brachio
885 2685 990 2744 dextro
1009 2684 1111 2763 ligat03
1131 2705 1164 2754 81

98 2773 124 2832 si
152 2780 247 2832 totum
276 2771 430 2833 brachium
459 2772 589 2831 cinxeris
617 2770 653 2830 de
681 2772 745 2847 ipsa
774 2773 886 2849 radice,
916 2771 1022 2831 melius
1046 2774 1111 2850 erit,

54 2878 83 2918 oo
98 2861 145 2920 sin
173 2879 242 2920 vero
271 2871 387 2939 partem
413 2858 567 2930 habueris,
601 2855 675 2916 collo
707 2858 855 2934 suspende
884 2857 1001 2933 ligatam
1035 2859 1112 2938 licio,

98 2949 178 3028 quod
202 2951 233 3009 in
257 2949 314 3010 tela
338 2948 441 3027 suerit,
470 2953 499 3006 et
522 2954 556 3005 ut
579 2946 669 3020 scias,
694 2952 803 3020 quanta
827 2947 870 3003 vis
894 2947 932 3004 sit
954 2944 1044 3005 huius
1067 2963 1112 3004 re-

99 3037 202 3119 medii,
230 3037 282 3098 ubi
310 3037 474 3115 alligaveris
501 3034 577 3094 hanc
601 3031 744 3111 radicem,
773 3033 871 3091 statim
900 3034 1020 3110 sanguis
1048 3051 1113 3111 per·

171 3207 435 3263 2diotillationem.
531 3204 691 3276 beorrigio
716 3200 815 3259 canino
838 3207 895 3258 zm,
991 3206 1115 3259 iuncta

101 3280 193 3334 Ptin:
219 3278 315 3334 uincto
340 3285 387 3334 lm
411 3279 507 3334 uincta
526 3283 585 3336 2m.
676 3283 692 3332 9
717 3272 892 3347 gravidinem
914 3278 962 3329 lm
985 3274 1114 3345 gravedi-

99 3368 165 3405 nem
184 3357 243 3407 2m.
315 3356 347 3404 13
368 3350 545 3406 ohimmonia.
619 3354 652 3403 16
671 3349 825 3404 humorem.
898 3351 932 3400 23
951 3347 1052 3418 aeque]
1073 3363 1113 3401 ae.

100 3427 136 3477 25
155 3419 328 3477 commisces.
385 3427 420 3476 28
438 3418 613 3475 inhibebibur
630 3421 743 3491 scripsi:
761 3417 906 3474 inhibitur.
979 3433 1116 3488 connpom

97 3508 152 3562 pro
174 3492 316 3546 cannabis.

154 3591 310 3642 Mnacnnnns,
324 3601 364 3631 nn.
378 3591 537 3635 Haemonion.
960 3585 982 3636 Q
