2438 3802
493 125 736 193 „254-

112 286 242 348 XXXV.
277 287 370 349 [latur
394 297 537 367 quantum
561 287 644 348 fahae
668 287 839 367 magnitudo
864 297 909 348 est
928 289 1133 369 Aegyptiacae

111 395 147 436 ex
165 377 255 438 mulsi
273 377 378 457 cyatho
396 379 487 438 mixta
503 395 571 437 curn
586 395 679 456 aquae
694 377 807 456 cyathis
822 375 949 456 duahuS,
969 378 1027 438 sed
1045 379 1132 439 lebri-

111 466 272 527 citantihus
296 485 332 525 er
355 484 446 544 aquae
471 465 584 525 mulsae
608 465 721 545 cyathis
745 464 842 525 tribus
866 465 930 525 dari
954 465 1059 528 debet.

74 570 92 618 4
199 555 242 615 Ad
270 563 418 614 tumorem
447 561 477 613 et
505 553 636 614 dolorem
666 563 696 614 et
719 553 969 614 exulcerationem
993 559 1131 617 vessicae

111 643 186 704 hene
214 644 284 703 lacit
311 660 386 720 aqua
414 650 496 720 pata,
523 644 553 702 in
583 661 639 721 qua
668 643 781 703 serrum
805 642 934 702 candens
960 643 1153 706 demissuma

111 740 164 791 est.
199 730 262 790 Hac
281 738 409 790 tractum
428 739 474 790 est
493 730 529 790 ab
548 733 633 810 aquis
653 731 764 811 calidis,
784 749 859 809 qtrae
879 734 1000 791 suntin
1020 733 1130 794 Tuscia

110 818 246 898 ferratae,
265 836 340 896 quae
358 820 483 880 mirifice
503 820 669 880 remediant
687 822 818 880 vessicae
833 822 910 898 vitia,
930 820 1012 880 unde
1029 823 1129 901 appel·

109 905 208 966 lantur
232 908 417 988 vessicariae,
440 909 491 987 qui
509 908 593 969 lacus
613 908 760 987 quandam
785 909 841 969 fuit
859 907 976 968 Milonis
996 908 1128 972 Brocchi

109 997 269 1075 praetoris,
296 995 425 1056 hominis
453 998 570 1079 aptimi,
599 997 643 1056 ad
664 999 962 1076 quinquagensimum
987 997 1027 1058 ab
1053 999 1128 1060 urhe

108 1082 243 1162 lapidem.
1139 1101 1160 1140 a

73 1185 89 1234 5
197 1173 240 1232 Ad
265 1183 412 1234 tumorem
436 1183 466 1235 et
485 1172 616 1234 dolorem
635 1176 766 1234 vessicae
785 1181 815 1234 ct
834 1174 870 1234 ad
889 1192 948 1252 eas,
973 1178 1029 1252 qui
1049 1177 1125 1237 diffi-

109 1259 204 1321 culter
228 1263 344 1322 urinam
366 1262 505 1340 reddunt,
528 1264 584 1322 sic:
610 1261 722 1322 Alterci
745 1264 875 1341 seminis,
899 1262 1011 1323 malvae
1038 1269 1125 1326 semi·

109 1351 163 1430 nis,
183 1353 351 1411 cucumeris
371 1351 466 1411 edulis
486 1352 608 1411 seminis
627 1352 753 1430 purgati,
774 1351 958 1429 singularum
978 1350 1004 1410 Χ
1026 1371 1124 1436 senas,

108 1438 327 1518 amygdalarum
356 1438 486 1499 dulcium
515 1447 724 1518 purgatarum,
756 1439 931 1500 nucleorum
961 1442 1123 1518 pinearum

107 1536 315 1607 purgatorum,
344 1527 528 1606 singulorum
557 1527 583 1586 Χ
613 1535 728 1608 ternas,
758 1529 807 1607 opi
835 1527 860 1587 X
884 1527 910 1608 l,
938 1532 1019 1588 craci
1047 1530 1123 1592 XV.
1136 1541 1157 1582 1⁵

107 1615 198 1675 Passa
222 1623 344 1676 contusa
369 1615 441 1676 haec
465 1618 562 1675 amnia
586 1625 837 1696 consparguntur,
866 1617 953 1676 datur
978 1616 1038 1678 hac
1065 1638 1123 1679 me-

108 1704 307 1765 dicamentum
335 1704 370 1764 ad
399 1722 570 1764 mensuram
593 1705 707 1765 denarii
730 1708 820 1765 unius
844 1724 879 1765 ex
902 1707 983 1784 passi
1006 1707 1122 1786 cyathis

107 1792 223 1853 duobus
247 1802 277 1854 et
300 1811 391 1871 aquae
415 1793 533 1872 tepidae
559 1793 691 1854 totidem.

71 1895 87 1944 a
195 1882 237 1941 hd
262 1884 410 1954 vessicam¹
431 1882 628 1943 exulceratam
651 1882 815 1942 remedium
838 1882 950 1943 hanam
974 1885 1032 1944 sic:
1062 1883 1120 1946 Nu·

107 1968 239 2030 oleorum
258 1973 414 2050 pinearum
434 1979 627 2051 purgatarum
647 1970 708 2052 XI,
728 1973 896 2031 cucumeris
916 1970 1011 2032 edulis
1032 1976 1120 2034 semi·
1134 1985 1155 2025 2⁰

106 2061 152 2119 nis
176 2061 295 2138 purgati
318 2060 464 2141 cyathum,
489 2063 570 2121 anesi
594 2060 740 2139 cyathum,
764 2061 917 2138 papaveris
941 2061 1020 2138 nigri
1039 2061 1067 2121 Χ
1086 2062 1121 2143 ll,

106 2151 187 2208 croci
210 2148 293 2228 ΧΙΙ,
321 2149 433 2226 palmas
461 2151 587 2210 cariotas
610 2148 699 2209 XXX.
745 2147 804 2207 Has
832 2150 977 2209 macerari
1000 2158 1122 2228 oportet

104 2238 185 2314 passi
208 2234 238 2296 8
268 2236 385 2296 duabus
413 2244 501 2314 atque
530 2239 659 2317 canteri,
688 2237 795 2296 deinde
822 2237 869 2297 his
898 2237 975 2297 adici
1003 2246 1121 2320 cetera3

106 2341 141 2382 ex
171 2342 205 2383 ea
234 2324 298 2383 dari
326 2325 411 2383 nucis
440 2323 586 2400 iuglandis
614 2325 848 2402 magnitudinem
880 2344 915 2386 ex
945 2329 1025 2405 passi
1054 2347 1120 2408 cya-

105 2410 164 2469 this
188 2411 293 2471 trihus
1134 2426 1156 2468 2⁵

71 2512 85 2560 7
193 2498 235 2557 Ad
257 2501 430 2578 sanguinem
450 2517 504 2577 per
523 2503 639 2560 urinam
657 2519 725 2560 cum
740 2500 842 2562 dolare
857 2502 1029 2563 reddentes:
1048 2503 1120 2566 Alu-

104 2587 193 2646 minis
212 2587 275 2646 fissi
293 2586 318 2646 Χ
333 2587 355 2668 Ι,
373 2588 557 2666 tragacanthi
577 2588 637 2649 ΧΙ.
671 2589 907 2668 'lragacanthum
926 2591 1023 2669 pridie
1043 2611 1121 2672 aqua

103 2684 285 2736 maceratum
314 2677 437 2738 alumini
466 2679 537 2738 trita
567 2677 724 2739 admisceri
754 2687 884 2759 oportet,
916 2680 1022 2740 deinde
1051 2682 1119 2742 fieri

103 2764 236 2842 pastillas
260 2766 294 2826 ad
319 2766 433 2827 denarii
457 2769 610 2828 semissem
630 2768 677 2828 vel
698 2769 785 2828 tertia
804 2768 949 2848 detracta,
974 2768 1061 2829 datur
1082 2789 1119 2831 ex

103 2856 183 2932 passi
207 2856 320 2934 cyathis
343 2856 448 2917 tribus.
1132 2873 1158 2913 ³0

68 2955 84 3004 8
193 2944 237 3004 Ad
265 2945 428 3006 calculosos
457 2947 601 3024 optimum
629 2947 793 3007 remedium
822 2956 867 3006 est
895 2945 1118 3030 scolopendras,

104 3050 191 3111 quam
216 3052 270 3094 nas
294 3035 469 3114 saxifragam
492 3034 683 3116 appellamus,
706 3035 794 3094 huius
814 3042 955 3094 contusae
975 3035 1117 3098 denarius

102 3140 181 3182 unus
204 3140 240 3181 ex
260 3141 352 3202 aquae
372 3122 484 3203 cyathis
503 3122 600 3183 tribas
619 3141 673 3202 per
692 3122 755 3182 dics
774 3121 855 3181 XXX
874 3122 968 3183 datur.
1002 3122 1117 3185 Eadem

102 3210 189 3270 mado
200 3210 266 3271 data
276 3211 469 3272 hierabotane
479 3211 704 3293 pradest,quam
714 3210 1116 3273 nosverhenacamdicimus.

191 3344 380 3415 ammissum,
399 3345 513 3401 correct.
605 3346 765 3401 scandam.
857 3351 889 3400 21
909 3347 1039 3416 cyathus,
1064 3349 1113 3403 bis.

102 3420 134 3469 22
154 3416 264 3485 palmes
284 3419 313 3470 et
332 3415 460 3472 cariacae.
516 3415 629 3484 oportit.
689 3421 724 3470 24
742 3416 947 3488 magnitudine.
1002 3424 1035 3473 28
1055 3419 1114 3472 clu-

100 3485 184 3539 minc.
256 3491 289 3540 29
309 3485 453 3556 postellus.
522 3491 556 3540 ³4
574 3487 769 3558 verbenacam]
789 3489 969 3544 vettonicam.
