2438 3802
520 181 736 246 „34-

122 346 245 426 ligatum
270 353 300 406 et
323 346 413 423 capiti
436 343 653 404 circumdatum
678 343 773 404 dolori
798 346 863 404 eius
886 343 1000 404 mederi
1020 352 1137 405 constat

123 455 178 497 nec
202 437 301 495 minus
323 433 445 494 herbam
465 431 641 512 polygonon,
665 451 754 511 quam
772 432 889 493 rubiam
909 451 1056 504 vocamus,
1080 435 1136 493 cir·

68 538 103 587 45
123 525 290 586 cumdatam
318 524 408 601 capiti
436 520 567 581 dolorem
595 519 701 580 tollere
730 523 846 599 experti
868 539 980 582 sumus.
1026 521 1137 582 llamus

123 617 224 693 spinae
244 611 325 672 albae
346 610 482 688 alligatus
500 610 591 687 capiti
610 608 770 669 efficaciter
784 609 930 690 medetur,
947 612 1048 688 senapi
1064 628 1135 690 quo-

123 721 181 781 quc
196 720 264 762 cum
278 709 345 761 ruta
361 706 390 758 et
405 715 479 776 aqua
499 699 603 758 tritum
623 697 707 758 etad
726 697 822 758 mellis
842 698 1070 759 crassitudinem
1090 718 1134 758 re·
1163 715 1176 756 c

68 804 102 853 46
123 791 251 851 dactum.
283 787 398 848 Corona
417 805 453 846 ex
468 785 559 845 herba
574 785 787 867 hierabotane,
803 806 891 866 quam
908 806 963 847 nos
977 787 1136 848 verbenam

69 892 103 942 47
124 879 259 956 dicimus,
283 877 359 936 facta
380 876 529 953 capitique
549 876 678 953 inposita
697 874 814 935 dolores
834 875 918 936 tollit.
956 875 1135 936 Cucurbitae

122 966 225 1026 viridis
248 973 381 1025 ramenta
403 963 527 1024 cerebro
546 965 675 1042 inposita
693 963 857 1024 infantibus
876 983 1004 1045 quoque,
1029 967 1080 1043 qui
1099 983 1135 1025 ex

123 1055 226 1116 dolore
264 1055 368 1132 capitis
405 1070 546 1112 nauseam
580 1053 749 1132 patiuntur,
787 1052 966 1112 validissime
999 1061 1134 1130 prosunt.

69 1156 104 1205 48
122 1143 221 1204 Herba
255 1151 388 1202 strumus
421 1143 549 1201 contrita
582 1148 612 1200 et
646 1158 714 1200 cum
747 1139 812 1200 oleo
844 1142 989 1219 permixta
1025 1143 1134 1218 inposi·
1150 1159 1177 1197 10

123 1241 212 1312 taque
236 1229 421 1309 temporibus
445 1239 475 1290 et
498 1236 560 1290 toto
585 1229 704 1307 corpori
727 1247 796 1288 cum
818 1231 883 1308 ipso
907 1228 971 1288 oleo
991 1228 1135 1307 perducta

123 1319 339 1382 incredibiliter
358 1326 388 1379 et
407 1320 512 1396 capitis
531 1317 664 1378 dolorem
683 1315 759 1377 tollit
778 1327 808 1378 et
826 1317 1007 1398 languorem,
1027 1319 1052 1378 si
1068 1319 1135 1396 quis

69 1411 227 1489 tefuerit,
251 1426 376 1487 corpore
400 1407 531 1468 discutit.
568 1406 661 1466 Radix
684 1408 820 1484 cupressi
843 1408 942 1467 tenuis
966 1409 1056 1485 capiti
1079 1408 1135 1466 cir-

70 1511 104 1560 50
124 1498 260 1561 cumdata
289 1497 422 1558 dolorem
450 1498 515 1555 eius
542 1494 627 1554 levat.
673 1493 767 1555 Bacae
791 1495 867 1556 lauri
889 1497 987 1574 inpari
1010 1513 1135 1555 numero

123 1589 268 1649 contritae
297 1593 327 1646 et
354 1585 418 1644 oleo
448 1584 562 1643 adiecto
590 1582 684 1643 calido
713 1585 806 1644 fronti
832 1586 977 1664 inpositae
1000 1591 1134 1663 prosunt.
1149 1599 1175 1639 15

71 1688 103 1737 51
124 1676 229 1737 Oleum
248 1692 283 1734 ex
299 1691 375 1733 nuce
390 1671 536 1751 iuglande,
552 1690 627 1750 quac
641 1672 846 1753 manducatur,
866 1691 1040 1752 expressum
1058 1671 1136 1732 subi·

123 1773 187 1824 tum
218 1763 323 1840 capitis
351 1759 497 1839 dolorem,
530 1762 556 1820 si
584 1779 618 1820 eo
647 1761 839 1839 per'lricctur,
872 1764 947 1822 mire
976 1763 1136 1839 conpescit.

70 1864 104 1912 52
124 1851 232 1911 Malum
252 1849 426 1931 cydoneum,
445 1848 591 1928 palmulae
606 1851 747 1928 quinque,
765 1852 920 1929 papaveris
935 1857 1025 1929 caput
1044 1867 1136 1909 unum

124 1940 242 2018 dempto
267 1940 380 1998 semine
412 1956 507 2017 usque
535 1937 570 1998 ad
600 1945 740 2016 quattuor
764 1939 885 2018 cyathos
909 1957 977 2000 cum
1002 1957 1076 2018 aqua
1100 1938 1135 1998 ad

124 2030 228 2090 tertias
259 2027 415 2088 decoctum
444 2036 474 2088 et
502 2045 571 2088 cum
599 2026 694 2086 mulsa
720 2045 795 2106 aqua
817 2030 902 2107 potui
930 2027 1030 2088 datum
1054 2026 1136 2086 valde
1151 2041 1178 2082 ao

71 2131 105 2179 aa
123 2117 254 2198 prodest.
300 2115 381 2176 Folia
410 2116 480 2177 mali
506 2115 612 2176 Punici
640 2115 799 2194 diligenter
825 2117 952 2176 contrita
977 2123 1006 2175 ct
1029 2113 1135 2174 deinde

124 2224 214 2268 sucus
236 2223 340 2265 eorum
363 2205 409 2265 vel
431 2208 495 2282 ipsa
514 2204 578 2264 oleo
597 2206 744 2282 permixta
762 2211 901 2282 potenter
919 2205 1007 2263 etiam
1026 2205 1135 2262 invete-

13 2286 14 2289 '
124 2304 205 2355 ratos
229 2293 347 2353 dolores
370 2301 539 2371 personant,
563 2294 589 2352 si
612 2293 681 2352 inde
704 2292 827 2352 adsidue
851 2293 934 2352 frons
953 2298 983 2351 et
1001 2299 1135 2368 tempora

71 2395 105 2444 ot
123 2383 333 2462 periricentur.
371 2379 444 2440 Cum
467 2379 592 2440 intrabis
611 2381 716 2441 urbem
736 2380 906 2460 quamlibet,
930 2388 997 2440 ante
1020 2387 1136 2458 portam

124 2468 252 2549 lapillos,
282 2470 387 2546 quiin
411 2471 456 2528 via
479 2468 630 2548 iacebunt,
655 2477 728 2548 quot
750 2469 880 2530 volneris
904 2467 1008 2546 collige
1033 2468 1135 2528 dicens
1151 2483 1177 2524 aa

124 2566 224 2618 tecum
248 2559 311 2636 ipse
336 2556 371 2616 ad
396 2559 501 2636 capitis
523 2556 655 2617 dolorem
677 2565 707 2618 te
730 2559 894 2618 remedium
914 2556 1028 2635 tollere,
1051 2564 1136 2616 etex

124 2647 171 2706 his
199 2663 293 2706 unum
321 2647 411 2722 capiti
439 2645 570 2726 alligato,
598 2654 714 2706 ceteros
741 2653 809 2725 post
837 2654 953 2726 tergum
982 2647 1057 2705 iacta
1080 2662 1136 2704 nec

72 2748 105 2798 od
125 2744 206 2795 retro
221 2735 346 2812 respice.
378 2733 473 2814 Creta,
489 2753 563 2813 quae
579 2734 701 2794 Cimolia
715 2734 888 2815 appellatur,
903 2742 986 2795 cocta
1002 2752 1036 2794 ex
1052 2740 1136 2793 aceto

72 2837 105 2886 oa
125 2824 216 2884 ironti
244 2825 370 2901 inposita
401 2830 540 2901 potenter
567 2823 711 2884 medetur.
759 2822 808 2883 Sal
839 2842 907 2885 cum
938 2830 1005 2884 ruta
1032 2824 1136 2883 tritum

126 2913 241 2974 adiecto
269 2911 356 2972 melle
385 2912 477 2973 fronti
508 2911 626 2972 inlitum
659 2914 860 2974 certissimum
889 2913 1054 2974 remedium
1084 2918 1137 2971 est.
1152 2925 1179 2966 co

74 3014 107 3063 57
127 3001 260 3082 Faesula,
285 3021 341 3081 qua
361 3002 521 3064 infectores
541 3008 676 3080 utuntur,
700 3002 726 3059 si
749 3003 892 3079 spondam
912 3002 981 3062 lecti
999 3004 1139 3080 priorem,

127 3110 185 3170 qua
212 3093 257 3150 vir
286 3091 389 3172 cubat,
413 3092 590 3169 perunxeris
619 3097 649 3149 et
676 3087 807 3166 spondae
834 3089 932 3150 medio
961 3089 1139 3168 inligaveriS,

73 3191 107 3240 58
127 3179 245 3239 dolores
274 3182 379 3257 capitis
402 3178 588 3239 remediabis.
634 3176 679 3237 Ex
703 3175 804 3236 eadem
829 3196 918 3258 aqua,
942 3178 978 3238 de
1003 3196 1060 3257 qua
1084 3177 1138 3237 bos

126 3276 178 3327 aut
206 3269 308 3327 asinus
339 3265 461 3349 biberit,
484 3265 637 3344 paululum
665 3272 818 3344 sumptum
841 3274 872 3327 et
898 3274 1033 3346 potatum
1062 3264 1138 3325 tollit

196 3399 327 3468 tsenapi
345 3405 394 3453 im
413 3398 505 3468 sinapi
522 3403 579 3454 2m.
646 3407 662 3455 6
681 3400 826 3456 redactum
844 3417 894 3455 om.
956 3399 1136 3468 gerobotane.

125 3469 303 3594 ffifflmia'
367 3474 400 3523 29
415 3469 553 3524 frontibus
567 3469 667 3539 posita.
724 3477 758 3525 32
777 3469 964 3540 peruncxeris.
1021 3472 1054 3521 34
1068 3482 1136 3536 pau·
