2438 3802
497 115 714 180 ..87-

97 280 141 340 td
161 278 304 359 eicienda‚
324 296 398 357 quae
418 296 489 338 casu
509 276 628 337 oculum
645 279 830 357 intraverint,
849 277 970 338 herbam
991 283 1165 343 artemi-169

97 373 171 430 siam
191 367 282 428 velles
302 366 445 427 radicitus
462 374 492 426 et
506 365 575 425 inde
591 383 732 426 coronam
746 366 853 426 laetam
868 369 958 445 capiti
973 369 1112 450 inpones;

97 459 149 519 sed
173 459 209 539 is,
233 458 283 517 cui
306 455 484 516 medendum
508 456 578 536 erit,
603 454 674 514 dum
697 472 837 514 coronam
859 454 939 515 illam
961 457 992 515 in
1016 460 1112 536 capite

97 547 194 627 babet,
219 553 363 625 quantum
382 545 448 604 fieri
467 552 573 625 potest,
593 543 694 604 oculos
713 551 832 622 apertos
851 543 964 605 babeat.
1002 545 1165 624 Digitistao

70 639 230 716 aquiuque
259 651 364 694 manns
392 633 540 712 ciusdem,
573 634 659 693 cuius
688 634 782 710 partis
810 632 931 694 oculum
963 634 1112 696 sordicula

98 725 196 804 aliqua
222 724 314 784 fuerit
341 725 489 802 ingressa,
516 739 698 800 percurrens
726 729 756 782 et
783 730 969 801 pertractans
993 723 1112 784 oculum

99 823 147 873 ter
170 813 263 874 dices:
286 819 391 872 tetuuc
413 829 540 871 resonoo
563 810 674 889 bregan
695 828 808 891 gresso,
831 818 878 872 ter
897 811 1003 872 deinde
1022 830 1112 891 spucs

101 911 208 980 terque
228 901 324 962 facies.
362 900 436 961 Item
454 902 519 978 ipso
539 899 626 960 oculo
642 898 751 980 clauso,
770 902 822 978 qui
840 902 1021 962 carminatus
1041 903 1161 982 erit‚1t1

100 997 250 1068 patentem
276 988 452 1069 perfricabis
480 996 511 1048 et
538 995 585 1049 ter
609 1006 728 1049 carmen
752 987 809 1050 hoo
839 989 921 1051 dices
949 997 979 1050 et
1002 992 1112 1052 totiens

58 1097 85 1136 ιο
100 1097 202 1158 spues:
225 1080 256 1138 in
279 1096 349 1138 mon
373 1078 581 1138 deroomarcos
605 1079 751 1158 anatisou3
775 1080 849 1138 scito
871 1079 1036 1139 remedium
1055 1079 1112 1140 hoc

98 1170 129 1228 in
152 1167 323 1228 huiusmodi
347 1165 464 1228 casibus
489 1185 554 1227 esse
578 1166 745 1228 mirificum.
781 1166 813 1226 Si
836 1170 927 1228 arista
949 1167 996 1228 vel
1019 1181 1164 1246 quaem

99 1256 172 1316 libet
195 1256 344 1316 sordicula
367 1255 487 1316 oculum
510 1256 602 1316 fuerit
624 1257 771 1336 ingressa,
802 1255 921 1316 occluso
945 1255 1001 1317 alio
1026 1255 1111 1318 oculo

99 1348 223 1425 ipsoque
247 1347 299 1424 qui
322 1343 403 1405 dolet
425 1345 572 1424 patefacto
596 1351 626 1404 et
647 1343 748 1421 digitis
767 1344 934 1404 medicinali
953 1364 986 1406 ac
1006 1345 1111 1424 pollice

97 1433 202 1494 leviter
225 1440 406 1512 pertractato
425 1440 472 1493 ter
491 1451 545 1512 per
564 1432 680 1511 singula
699 1432 848 1511 despuens
868 1433 962 1494 dices:
986 1433 1027 1494 Os
1046 1453 1112 1512 gor-

55 1525 183 1601 lagonis
205 1521 302 1603 basi03
326 1523 382 1582 hoc
405 1521 484 1582 idem
506 1540 625 1582 carmen
645 1523 670 1581 si
688 1528 736 1581 ter
754 1523 856 1582 novies
875 1522 1000 1602 dicatur,
1024 1525 1112 1583 etiam

97 1612 134 1672 de
159 1610 295 1672 saucibus
318 1611 447 1670 bominis
471 1609 518 1671 vel
540 1613 665 1671 iumenti
689 1629 722 1670 os
741 1617 792 1671 aut
811 1613 836 1671 si
855 1611 927 1690 quid
946 1611 1024 1672 aliud
1044 1611 1111 1671 hae-

97 1703 171 1761 serit
198 1707 337 1778 potenter
364 1701 475 1760 eximit.
521 1698 667 1779 Leporem
697 1702 845 1760 marinum
873 1699 920 1760 vel
947 1703 1012 1760 eius
1042 1715 1164 1765 sau-173

97 1791 218 1868 guinem
247 1807 316 1850 cum
344 1788 407 1848 oleo
434 1796 499 1848 tere
527 1796 616 1866 atque
645 1807 680 1848 ex
709 1807 744 1848 eo
772 1787 924 1850 vulsorum
952 1789 989 1849 de
1013 1789 1108 1850 oculis

96 1877 226 1958 pilorum
254 1877 318 1938 loca
345 1877 519 1956 frequenter
546 1894 694 1956 perunge3
721 1885 790 1956 post
817 1877 897 1955 quod
926 1886 955 1938 et
978 1879 1005 1937 si
1027 1897 1111 1939 rena-

55 1974 222 2027 noscentur
244 1965 306 2047 pili,
328 1965 479 2026 molliores
503 1972 606 2046 erunt3
630 1964 738 2044 quibus
760 1968 870 2025 iterum
889 1965 998 2026 evulsis
1022 1985 1111 2045 supra

97 2056 210 2116 dictum
238 2055 422 2115 medicamen
449 2053 597 2134 inducito,
628 2061 693 2113 tum
720 2072 791 2114 vero
819 2072 879 2113 uon
907 2063 1110 2114 renascentur.

98 2144 131 2204 Si
157 2151 256 2204 autem
284 2146 372 2204 etiam
396 2143 533 2203 lacrimas
556 2142 636 2203 oculi
659 2142 843 2203 destillantes
867 2141 990 2202 adsidue
1013 2143 1165 2205 vitareltt

97 2235 152 2312 vis
174 2232 316 2292 hederam
339 2240 369 2292 et
387 2234 478 2292 vitem
497 2239 617 2293 exustas
633 2239 663 2292 et
681 2233 712 2292 in
731 2231 883 2311 pulverem
901 2232 1112 2294 tenuissimum

98 2321 232 2382 redactas
264 2323 330 2400 pari
357 2339 497 2381 mensura
525 2340 593 2382 cum
622 2339 711 2400 supra
744 2323 865 2402 scriptis
897 2323 1044 2401 permisce
1075 2321 1112 2383 ad

55 2428 83 2468 rs
97 2410 321 2490 spissitudinem
343 2408 438 2470 mellis
461 2418 550 2489 atque
573 2410 643 2471 iude
666 2410 799 2473 inducito
818 2410 864 2472 vel
884 2411 1034 2492 superlinc
1054 2413 1111 2473 ire·

97 2507 225 2579 quenter
253 2499 355 2559 oculos
383 2508 413 2560 et
441 2499 596 2560 confestim
626 2500 737 2562 defluet
764 2520 851 2562 umor
879 2503 986 2563 noxius
1010 2511 1040 2563 ct
1062 2502 1111 2562 ad·

97 2606 216 2648 versum
235 2587 335 2648 vulsos
349 2588 558 2667 palpebrarum
572 2590 648 2669 pilos
663 2591 805 2669 proderit.
838 2589 872 2651 Si
890 2591 958 2652 lelle
976 2591 1164 2671 hyaenaewa

96 2677 175 2757 loca,
205 2675 314 2756 quibus
341 2677 459 2738 molesti
483 2686 553 2738 suut
576 2678 629 2757 pili
651 2681 683 2738 iu
706 2679 857 2758 palpebris
885 2683 960 2758 nati,
988 2679 1111 2740 adsidue

96 2773 264 2846 tangantur,
283 2766 440 2826 confestim
458 2765 626 2845 tabescent3
647 2776 728 2827 certe
749 2769 775 2826 si
793 2769 878 2846 prius
896 2767 988 2827 vulsis
1008 2785 1110 2845 super-

55 2853 234 2936 seducatur,
257 2874 317 2915 non
341 2863 545 2913 renascentur.
586 2853 665 2912 Pilos
687 2853 781 2912 oculis
804 2854 945 2936 molestos
969 2857 995 2914 si
1018 2857 1164 2915 emir-176

97 2961 169 3022 pare
196 2947 316 3023 penitus
344 2941 487 3019 volueris,
515 2939 579 2999 loca
607 2957 724 3020 eorum,
752 2958 820 2999 cum
846 2942 930 3018 prius
958 2941 1110 3020 evulseris,

96 3050 185 3093 ranae
209 3036 340 3093 marinae
365 3029 432 3091 felle
456 3029 608 3109 continge3
638 3028 716 3106 quod
745 3029 771 3086 si
794 3027 833 3086 iel
859 3030 923 3088 eius
946 3031 1109 3107 repositum

92 3124 219 3202 aruerit,
241 3140 347 3200 aquam
363 3121 506 3180 marinam
522 3120 550 3178 ci
563 3117 679 3178 modice
694 3116 832 3177 admisce.
863 3116 896 3176 Si
914 3120 963 3178 cui
977 3117 1163 3180 volucrismt

97 3210 172 3288 pilos
196 3209 297 3270 vulsos
320 3228 380 3269 non
404 3206 501 3269 solum
524 3209 554 3268 in
579 3206 681 3288 oculis,
706 3203 757 3267 sed
779 3207 869 3266 etiam
887 3208 917 3266 in
937 3205 1010 3268 locis
1029 3225 1110 3268 vere-

170 3423 184 3472 1
205 3436 223 3473 a
241 3417 329 3473 verbis
347 3416 383 3471 ad
403 3415 530 3471 eiciendo
548 3416 631 3470 codex
648 3431 746 3471 rursus
763 3415 872 3486 incipit.
945 3413 1122 3471 sistendam.

98 3494 132 3542 14
150 3490 293 3558 pertracto
375 3493 409 3543 80
428 3486 658 3557 superducuntur.
