2438 3802
449 114 723 216 '—11r-

90 315 118 376 n
136 314 172 376 ΙΙ.
204 314 357 375 Teruntur
370 314 443 374 hacc
459 317 567 375 siccata
583 316 710 394 curiose,
725 314 831 375 deinde
848 315 1028 378 admiscetur
1042 336 1107 396 pas-

91 422 158 466 sum
183 403 348 484 Creticum,
372 412 405 463 ut
429 403 535 463 habeat
560 405 784 482 spissitudinem
808 403 918 484 mellis,
942 424 1010 466 cum
1033 425 1108 484 opus

91 501 152 572 est,
181 495 248 552 vino
277 501 396 553 austero
422 491 546 553 diluitur
570 501 600 553 et
623 493 756 554 solvitur.
797 490 880 553 Facit
903 493 959 554 hoc
983 495 1108 555 medica·

92 591 227 642 mentum
256 589 286 641 et
313 581 349 641 ad
378 579 575 642 carbunculos
610 589 641 643 ct
668 583 704 643 ad
731 583 832 661 ignem
859 600 977 642 sacrum
1010 591 1040 643 et
1072 583 1108 643 ad

63 688 210 750 azonam,
235 688 322 748 quam
346 669 451 730 Graeci
474 669 597 748 herpeta
620 670 732 732 dicunt.
779 670 953 731 Coclearum
976 673 1109 732 inanium
1128 684 1162 733 3ο

91 767 266 820 catastarum
285 761 361 818 cinis
381 777 448 818 cum
467 757 553 819 melle
572 761 698 838 gingivis
722 761 869 838 inpositus
889 762 964 820 mire
978 760 1109 842 prodest,

92 851 119 909 si
143 850 182 908 sit
204 847 278 908 haec
301 847 424 908 adsidue
448 849 572 908 curatio.
618 848 757 927 Gingivas
784 848 899 909 umidas
928 857 958 910 et
981 850 1107 911 fetentes
1126 862 1159 910 31

91 938 149 996 hoc
168 936 363 997 medicamine
382 937 457 996 mire
477 936 609 997 sanabis:
630 937 756 998 Alumen
776 939 912 1018 scissum,
930 947 979 1000 tus
994 957 1107 1000 mascu-

92 1024 165 1104 lum,
180 1025 265 1085 aloen
280 1026 413 1104 epatitim
428 1027 492 1103 pari
507 1025 651 1106 pondere3
671 1026 744 1087 haec
758 1027 789 1086 in
804 1026 956 1105 pulverem
970 1030 1109 1089 tenuissi-

51 1134 79 1174 1o
93 1132 176 1175 mum
194 1114 313 1192 rediges
332 1121 362 1174 et
381 1114 469 1175 simul
488 1116 643 1192 permixtis
662 1117 766 1194 uteris,
784 1117 825 1175 ita
844 1124 878 1175 ut
894 1119 979 1194 prius
994 1135 1026 1176 os
1041 1119 1109 1176 vino

93 1212 194 1264 vetere
210 1203 330 1263 conluas
346 1209 376 1262 et
386 1204 428 1262 sic
439 1205 564 1282 gingivis
575 1203 667 1280 digito
678 1203 861 1264 medicamen
873 1204 1010 1282 adponas.
1032 1203 1109 1264 Utile

94 1299 141 1352 est
158 1292 309 1352 interdum
328 1290 457 1352 admixto
474 1291 544 1351 huic
558 1291 675 1370 pulveri
689 1290 775 1351 melle
790 1292 963 1370 despumato
979 1294 1110 1370 gingivas

94 1383 276 1459 contingere.
308 1379 352 1439 Ad
372 1381 556 1458 gingivarum
574 1381 701 1442 nimium
720 1387 867 1440 tumorem
888 1387 918 1440 et
937 1381 1061 1440 fetorem
1081 1391 1110 1440 et
1128 1393 1162 1442 33

94 1471 293 1530 carcinomata
307 1468 491 1528 medicamen
505 1468 562 1529 hoc
577 1469 667 1529 facies
682 1470 873 1530 decrescente
888 1468 957 1528 luna
972 1469 1019 1529 die
1033 1468 1110 1529 lovis

53 1577 80 1618 15
95 1559 154 1619 sic:
185 1557 302 1636 Piperis
325 1575 415 1636 grana
438 1575 544 1618 novem
568 1557 697 1619 torrebis
726 1576 793 1618 cum
821 1558 937 1618 modico
962 1558 1057 1618 lasere
1081 1566 1111 1618 et

95 1645 280 1707 cucurbitam
306 1649 414 1706 siccam
439 1646 587 1707 conbures
611 1656 641 1708 et
664 1655 753 1727 caput
777 1647 880 1708 sardae
904 1647 1053 1708 conbures
1077 1664 1111 1706 ac

95 1737 254 1813 separatim
282 1737 379 1795 omnia
408 1734 632 1815 diligentissime
661 1745 750 1818 teres,
778 1738 818 1796 ita
846 1744 880 1796 ut
903 1737 934 1795 in
957 1735 1110 1814 pulverem

95 1826 304 1885 tenuissimum
323 1824 506 1904 redigantur,
530 1843 624 1903 eoque
648 1827 729 1886 sicco
753 1826 885 1904 gingivas
905 1842 1045 1903 asperges
1064 1823 1110 1884 vel

96 1914 251 1992 continges
275 1922 304 1973 et
326 1931 394 1973 cum
417 1914 527 1973 iterum
545 1913 686 1974 adhihere
705 1913 834 1973 volueris
852 1912 1110 1992 medicamentum,

54 2019 83 2060 ao
97 2003 165 2062 vino
185 2010 285 2063 vetere
304 2001 382 2062 hono
404 2020 437 2061 os
456 2001 553 2082 elues3
577 2002 629 2062 sed
648 2001 707 2061 illis
727 2001 840 2082 diebus,
860 2001 968 2079 quihus
987 2001 1110 2060 adhibes

97 2093 289 2171 curationem,
309 2090 406 2150 olerrm
426 2099 454 2150 et
474 2092 627 2168 porcinam
648 2109 707 2150 non
725 2089 931 2170 manducabis3
955 2107 1014 2167 quo
1033 2089 1110 2148 lacto

96 2178 181 2239 facile
205 2187 234 2240 te
259 2179 393 2240 absolves
417 2180 638 2258 suprascripta
661 2180 742 2239 omui
761 2177 895 2239 molestia
915 2179 1110 2256 gingivarum.

96 2268 141 2327 Ad
165 2267 274 2348 ulcera,
298 2287 373 2346 quae
397 2277 561 2328 nascuntur
583 2270 686 2347 pueris
706 2267 751 2327 vel
770 2267 932 2328 infantibus
953 2268 1112 2345 utriusque
1130 2275 1164 2325 33

98 2374 186 2416 sexus
210 2359 241 2416 in
265 2375 316 2416 ore
341 2359 445 2416 autin
469 2365 590 2436 gutture
614 2365 665 2418 aut
687 2359 719 2417 in
739 2356 900 2437 stomacho,
924 2375 999 2436 quae
1020 2356 1112 2435 pluri·

54 2462 82 2502 25
98 2444 154 2503 bars
178 2463 237 2504 arno
261 2453 396 2522 tempore
420 2445 516 2507 solent
539 2447 674 2507 accidere
698 2453 728 2506 et
751 2447 817 2507 ideo
838 2445 1042 2525 pestilentiosa
1062 2462 1112 2523 ap·

97 2531 259 2614 pellantur,
282 2533 366 2593 valde
389 2533 462 2593 utile
486 2542 532 2595 est
555 2535 696 2596 adhihere
719 2535 903 2597 medicamen
927 2534 1112 2596 huiusmodi:

97 2619 222 2701 Myrrae,
246 2621 331 2681 nardi
352 2621 474 2703 Syriaci,
497 2622 635 2684 aluminis
659 2624 730 2704 fissi,
754 2626 839 2703 costi,
863 2623 954 2703 gallae
975 2623 1112 2703 Syriacae

97 2709 285 2789 immaturae,
309 2712 407 2769 carnis
431 2713 554 2788 agninae
577 2713 690 2794 aridae,
714 2715 835 2773 corticis
858 2712 1003 2773 malorum
1024 2711 1113 2772 Puni-

98 2815 215 2878 corum,
243 2799 376 2858 omnium
403 2799 486 2875 paria
513 2799 645 2875 pondera
674 2817 809 2860 seorsum
833 2801 1059 2861 contunduntur
1082 2807 1113 2860 et

54 2903 83 2944 eo
97 2894 200 2964 postea
219 2889 250 2946 in
270 2905 364 2947 arnum
382 2888 547 2945 miscentur
566 2893 654 2964 atque
673 2886 742 2946 inde
762 2888 870 2947 dantur
889 2888 925 2947 ad
943 2889 1021 2947 diem
1036 2888 1112 2947 duae

97 2974 210 3054 cotylae
230 2994 298 3036 cum
317 2975 378 3034 vini
394 2975 505 3033 austeri
521 2973 624 3052 cyatho
640 2992 708 3034 uno.
737 2973 806 3034 Mali
820 2974 924 3034 Punici
938 2975 1021 3034 floris
1036 2975 1061 3034 x
1075 2973 1111 3055 ll,
1130 2985 1165 3034 34

98 3081 214 3143 myrrae
234 3063 259 3124 ll
279 3063 313 3144 ll,
337 3062 474 3123 aluminis
493 3061 556 3122 fissi
575 3061 601 3122 li
619 3061 655 3144 ll,
679 3063 761 3122 croci
779 3061 805 3122 x
824 3061 859 3121 ll.
892 3061 991 3122 Pulvis
1011 3081 1047 3122 ex
1065 3062 1113 3121 his

97 3156 291 3214 tenuissimus
321 3153 417 3213 iactus
444 3149 615 3214 insufflatur
648 3169 703 3230 per
731 3150 906 3211 arundinem
936 3151 1014 3230 quod
1041 3152 1113 3211 satis

98 3243 137 3302 sit
164 3241 301 3302 faucibus
329 3241 375 3302 vel
403 3242 542 3322 gingivis3
571 3241 650 3321 quod
679 3240 789 3302 iactum
818 3249 848 3302 ct
875 3241 1056 3300 intrinsecus
1083 3246 1113 3300 et

170 3378 360 3446 chespetam.
435 3376 615 3446 bepetitem.
686 3383 720 3432 14
739 3377 942 3432 carcenomata.
1012 3381 1046 3431 30
1065 3375 1113 3430 ad·

96 3447 181 3503 hibis.
254 3453 287 3502 31
309 3448 364 3502 olei
382 3448 474 3503 oleum
494 3450 564 3518 (sic).
637 3454 672 3502 34
689 3448 719 3503 in
737 3448 902 3505 istomacho.
972 3455 1005 3504 27
1020 3449 1113 3502 mirre.

97 3523 128 3574 at
155 3519 276 3590 cotylae]
297 3519 446 3573 drachmae
467 3517 626 3575 Carnarius.
700 3523 794 3592 cyuto.
864 3518 1012 3576 bhiacbo.
