2438 3802
511 163 729 227 ..86-

61 324 211 388 159Nardi
239 324 334 384 Indici
363 323 410 384 vel
440 324 553 404 Syriaci
581 343 616 384 ex
644 327 711 385 vino
741 333 840 385 vetere
872 327 936 385 triti
967 326 1132 404 siccatione

115 413 212 494 pulvis
231 432 286 492 pro
305 413 500 492 xerocollyrio
520 413 615 474 oculis
637 415 785 492 inpositus
810 412 986 473 mirabiliter
1007 413 1132 492 prodest

60 516 112 566 160
120 504 155 563 ad
175 503 358 563 valetudines
378 521 469 580 supra
488 505 622 580 scriptas.
646 501 704 562 Mel
722 505 866 580 optimum
882 500 1081 582 despumabiS,
1096 513 1131 563 ut

113 592 189 653 bene
212 610 322 672 purum
347 593 394 670 sit,
418 599 447 651 et
471 590 648 651 admiscebis
671 593 737 669 pari
760 609 900 650 mensura
919 608 1024 650 sucum
1043 599 1131 651 rutae

112 691 142 742 et
171 680 281 741 herbae
310 679 494 739 chelidoniae
523 688 612 759 atque
641 679 676 739 ad
705 682 809 740 tertias
835 679 984 757 decoquas
1008 687 1038 738 et
1061 696 1160 740 cums

113 772 210 830 omnia
235 768 311 828 bene
335 771 558 848 permiscueris,
581 770 613 828 in
637 767 764 847 ampulla
788 770 881 828 vitrea
901 767 957 827 sub
977 767 1131 846 signaculo

112 857 245 918 servabis
274 865 304 916 et
331 860 426 917 uteris
455 859 530 918 miro
554 856 749 918 medicamine
773 857 809 916 ad
834 855 956 917 scabros
980 865 1010 916 et
1032 856 1131 936 lippos

112 945 215 1006 oculos
238 947 435 1023 inungendos.
481 945 569 1006 Item
592 946 632 1006 ad
657 945 844 1006 oculorum
868 964 994 1005 causas
1018 963 1131 1007 reme-

111 1035 169 1095 dia
198 1035 348 1113 physica
372 1043 407 1095 et
430 1034 664 1096 rationabilia
688 1035 844 1114 diversa,
872 1034 906 1094 id
935 1044 989 1094 est
1013 1034 1130 1095 oculis

111 1127 187 1185 ictu
211 1124 321 1184 laesis
346 1134 380 1184 et
404 1126 434 1184 si
458 1123 543 1203 quid
563 1123 684 1184 subito
704 1141 765 1183 eos
784 1123 901 1183 luerit
920 1124 1129 1201 ingressum
1146 1141 1173 1181 ro

111 1221 146 1274 et
170 1214 359 1273 adversum
383 1212 570 1273 molestias
593 1212 750 1291 pilorum
775 1220 809 1271 et
832 1211 871 1271 ad
893 1212 1075 1291 aegilopas
1095 1223 1129 1273 et

112 1302 151 1362 ad
176 1301 387 1381 nyctalopas
408 1301 500 1362 etad
520 1301 678 1381 varulos,
702 1301 811 1360 idest
834 1300 1026 1360 hordeolos
1046 1320 1129 1362 ocu·

112 1391 157 1450 lis
181 1392 352 1470 infestos,
380 1390 436 1450 his
467 1390 609 1451 additae
633 1390 726 1451 inlra
750 1389 986 1468 collyriorum
1010 1389 1128 1450 diver·

58 1491 235 1541 161sorum
261 1479 520 1540 conlectiones.
558 1479 753 1557 Quocumque
772 1481 834 1538 ictu
853 1478 951 1538 laesus
974 1478 1079 1538 ocorlns
1104 1482 1131 1540 si

112 1568 357 1648 sanguinolentus
371 1566 528 1646 videbitur,
547 1567 737 1645 palumbinus
758 1570 786 1627 ei
800 1567 846 1627 vel
860 1568 990 1646 perdicis
1005 1567 1051 1627 vel
1066 1575 1129 1628 tur·
1145 1585 1172 1624 15

111 1661 189 1718 turis
205 1658 334 1734 sanguis,
352 1662 403 1715 aut
417 1657 444 1714 si
457 1655 529 1715 baec
544 1655 679 1714 animalia
693 1674 753 1715 non
773 1667 869 1736 erunt,
888 1654 1076 1716 columbinus
1092 1657 1129 1716 de

61 1749 206 1824 162pinna
221 1744 355 1805 sublatus
370 1745 478 1824 statim,
496 1744 526 1804 id
542 1751 587 1803 est
602 1743 698 1805 adbuc
713 1743 820 1824 calens,
839 1744 1022 1805 infundatur.
1046 1745 1129 1806 Bitn-

112 1835 200 1913 mine,
223 1832 365 1910 sulphure
385 1840 414 1893 et
433 1840 500 1894 ture
520 1834 675 1912 permixtis
692 1833 793 1893 oculos
808 1836 870 1894 ictu
884 1833 980 1894 laesos
995 1834 1129 1894 suffumi·
1198 1858 1201 1876 .

57 1929 191 2001 163gato,
211 1924 310 1981 statim
330 1921 457 2006 sanabiS,
477 1924 502 1983 si
522 1922 699 2001 frequenter
714 1922 744 1982 id
763 1922 879 1983 feceris.
911 1921 1018 2002 Herba,
1039 1941 1128 2001 quam

110 2011 215 2071 Graeci
235 2010 439 2093 sarcocollam,
463 2031 517 2073 nos
541 2014 741 2090 argemoniam
764 2011 955 2091 appellamus,
979 2013 1005 2071 si
1023 2011 1127 2073 viridis
1143 2029 1169 2069 ao

110 2102 175 2181 erit,
194 2102 273 2181 trita,
294 2103 340 2161 sin
360 2102 450 2181 arida,
473 2101 566 2162 calida
586 2119 661 2179 aqua
680 2109 836 2180 macerata,
855 2119 914 2179 quo
934 2100 1050 2161 facilius
1068 2105 1128 2162 teri

109 2192 212 2270 possit,
227 2190 310 2251 inlita
325 2189 419 2250 oculis
434 2190 636 2269 sugillationes
650 2189 818 2267 livoresque
833 2207 937 2249 eorum
951 2197 1067 2250 mature
1083 2191 1126 2250 di·

60 2280 216 2339 164scntit.
251 2278 400 2356 Sanguine
419 2277 588 2338 hirundinis
607 2280 721 2339 recenti
737 2296 771 2337 ac
786 2277 885 2356 tepido
900 2279 1042 2338 inunctus
1057 2298 1127 2339 ocu-

57 2363 160 2428 toalns
179 2367 242 2425 ictu
260 2365 359 2425 laesus
383 2374 413 2426 et
435 2385 541 2426 cruore
561 2367 693 2427 suffusus
712 2368 811 2427 statim
831 2365 992 2427 sanabitur.
1031 2367 1126 2428 Radix

110 2460 194 2512 rutae
213 2454 285 2512 trita
299 2460 329 2512 et
342 2453 425 2513 inlita
440 2454 534 2514 oculis
549 2472 657 2514 cruore
672 2455 792 2515 sullusis
807 2457 896 2515 etiarn
911 2474 1081 2517 commausa
1096 2466 1127 2517 et
1141 2472 1167 2512 aa

110 2539 232 2600 adsidue
247 2542 342 2618 posita
356 2540 517 2618 plurimum
533 2543 668 2623 prodest,
683 2545 784 2603 vinum
797 2562 924 2623 quoque,
940 2547 971 2604 in
986 2564 1045 2624 quo
1059 2554 1126 2606 ruta

58 2629 165 2694 madio
179 2629 270 2689 inerit
284 2637 439 2710 macerata,
454 2630 668 2691 rationabiliter
680 2631 855 2692 infunditur.
878 2632 1012 2693 Mulieris
1024 2636 1127 2712 primi-

110 2735 197 2797 parae
217 2736 310 2796 purae
329 2737 363 2780 ac
382 2719 493 2780 nitidae
512 2719 601 2780 saliva
615 2721 723 2781 ieiunis
737 2721 878 2782 instillata
893 2721 986 2782 oculis
1001 2722 1126 2783 livorem

58 2806 368 2887 1o⁷suffusionemque
388 2808 549 2888 quamlibet
563 2818 716 2870 cruentam
733 2811 894 2872 efficaciter
909 2811 1019 2872 adimit.
1052 2810 1126 2871 ller-

109 2895 164 2956 bae
183 2899 349 2957 vettonicae
368 2897 437 2958 lolia
460 2907 539 2960 teres
564 2907 594 2960 et
613 2899 681 2960 salis
704 2902 770 2961 triti
793 2901 943 2962 modicum
966 2900 1076 2961 adicies
1095 2911 1126 2961 et
1139 2917 1166 2958 eo

110 3003 201 3064 super
223 2987 285 3047 ictu
308 2987 480 3064 perculsum
503 2989 549 3049 vel
571 2989 729 3051 cruoribus
750 2991 896 3050 suffusum
916 2989 1035 3050 oculum
1055 3007 1124 3050 con-

108 3073 227 3154 ligabis,
250 3077 325 3136 mire
349 3077 497 3157 proderit,
519 3096 588 3137 nam
606 3079 723 3156 quando
747 3080 776 3137 ei
798 3079 827 3137 id
852 3077 985 3158 solveris,
1008 3077 1124 3139 videbis

109 3180 204 3224 exeo
229 3167 404 3243 sanguinem
427 3165 590 3243 destillare,
617 3168 657 3226 ita
686 3184 804 3226 ornnem
832 3184 951 3226 causam
980 3167 1123 3228 extrahet.

58 3249 193 3312 168Lana
217 3253 319 3313 sucida
346 3254 509 3314 madefacta
538 3252 602 3312 oleo
625 3255 753 3333 vinoque
781 3257 927 3333 permixto
956 3275 989 3316 ac
1017 3264 1123 3335 tepens

110 3339 204 3400 oculis
239 3344 426 3418 superposita
459 3342 569 3418 optime
607 3342 676 3401 vitia
709 3360 798 3420 supra
832 3345 942 3422 scripta
975 3355 1122 3423 persanat.
1138 3362 1165 3402 so

180 3530 214 3580 33
234 3525 372 3582 distillare
393 3529 553 3584 Carnarius.
