2438 3802
457 149 699 215 -157-

75 324 136 397 est,
164 316 215 376 sed
242 317 327 395 prius
349 332 475 393 corpore
499 314 660 392 perfricato
684 313 750 374 oleo
773 313 882 394 calido;
910 315 1034 393 prodest
1057 323 1087 375 et

75 406 137 486 bis,
165 405 216 484 qui
243 406 307 464 sine
335 403 461 463 horrore
488 405 617 464 circuitu
646 402 774 463 febrium
797 411 955 484 vexantur,
983 421 1087 482 quam·

76 493 179 554 obrem
200 492 382 571 lexipyretos
404 491 478 552 baec
501 493 666 570 conpositio
690 491 809 551 dicitur.

93 634 102 653 ,
162 581 226 642 Alia
253 582 420 658 conpositio
448 580 485 640 ad
515 590 628 640 tussem
656 579 768 640 aridam
796 587 826 640 et
853 580 1030 659 glutinosam
1056 589 1140 642 et1o

46 670 237 733 udilliculter
260 668 482 750 excreantibus,
509 676 618 747 purgat
645 669 734 729 etiam
760 671 929 729 interaneas
956 671 1086 730 vomicas

74 768 104 821 et
128 761 371 839 suppurationes,
394 759 502 836 accipit
524 757 610 818 baec:
646 756 714 817 Lini
741 760 876 840 seminis,
903 759 1017 818 urticae
1042 777 1086 818 se·

64 850 178 928 vatinia,
202 849 334 908 nasturci
358 847 494 926 seminis,
524 847 577 906 iris
600 844 733 923 illyricae
755 845 864 906 radicis
888 849 991 926 aequis
1013 865 1086 926 pon-

75 936 205 997 deribus.
239 935 318 996 Haec
340 937 373 994 in
395 934 547 1013 pulverem
571 934 666 1012 redigi
690 941 720 994 et
742 936 863 995 misceri
881 943 1000 1014 oportet
1018 954 1087 996 curn

74 1025 161 1085 melle
189 1032 219 1084 et
241 1025 414 1102 frequenter
440 1025 540 1083 ieiuno
568 1040 622 1101 per
646 1023 824 1083 coclearium
848 1023 920 1084 dari.
963 1023 1086 1084 Stercus
1106 1037 1140 1084 tt

33 1137 59 1174 10
74 1117 231 1194 porcinum
259 1116 371 1172 siccum
395 1111 549 1190 inligatum
572 1111 730 1190 phoenicio
754 1119 784 1171 et
808 1111 883 1172 collo
907 1131 1086 1191 suspensum

74 1213 189 1264 tussam
211 1201 450 1261 molestissimam
474 1200 565 1260 sedat.
607 1199 719 1279 Hysopi
742 1232 785 1244 -
804 1201 827 1278 l,
849 1209 966 1261 mentae
990 1203 1087 1260 siccae
1107 1213 1139 1262 12

78 1325 116 1334 —
136 1291 159 1371 l,
181 1289 263 1368 pulei
286 1292 358 1349 sicci
379 1320 417 1332 -
434 1288 456 1369 l,
479 1287 576 1349 mellis
599 1288 716 1348 decocti
737 1321 775 1332 —
792 1287 827 1368 ll,
850 1288 985 1349 marrubi
1006 1323 1052 1331 —
1065 1288 1087 1368 l,

75 1381 229 1459 papaveris
252 1377 340 1458 -13
370 1388 440 1437 sunt
468 1379 520 1456 qui
542 1377 655 1438 addunt
680 1385 710 1437 et
733 1376 865 1454 sulpuris
888 1379 946 1437 vivi
969 1394 1086 1437 semun-

75 1470 159 1528 ciam.
204 1466 284 1527 Haec
307 1468 377 1526 trita
400 1468 633 1546 permiscentur,
656 1475 690 1526 ut
712 1465 938 1545 pseudoliquida
962 1468 1034 1546 sint,
1058 1473 1088 1525 et

33 1577 59 1618 15
73 1575 129 1637 per
152 1556 284 1616 cocleare
308 1555 426 1635 dantur,
448 1557 490 1614 ita
513 1561 547 1615 ut
569 1573 624 1633 per
647 1554 780 1615 triduum
804 1553 947 1615 coclearia
971 1554 1087 1633 singula

74 1648 127 1725 qui
149 1647 239 1705 tussit
261 1645 381 1704 ieiunus
404 1645 538 1722 accipiat.
575 1642 709 1704 Hederae
734 1643 802 1703 lolia
825 1646 881 1704 tria
901 1662 969 1704 cum
988 1643 1086 1703 tribus
1110 1653 1140 1702 13

74 1735 174 1813 granis
203 1735 316 1812 piperis
344 1751 380 1792 ex
408 1734 469 1791 vini
497 1731 602 1811 cyatho
630 1740 661 1792 et
687 1750 781 1810 aquae
808 1732 919 1792 calidae
943 1740 1088 1810 quantum

75 1823 203 1884 sulliciat
225 1823 321 1900 prima
345 1821 392 1881 die
416 1820 513 1901 dabis,
537 1823 674 1898 sequenti
697 1821 745 1880 die
769 1820 837 1880 lolia
862 1822 994 1898 quinque
1018 1839 1087 1882 cum

74 1913 175 1990 granis
194 1912 326 1988 quinque
350 1908 486 1969 similiter
505 1915 539 1969 ut
558 1926 656 1988 supra,
682 1911 769 1968 tertia
793 1909 840 1968 dio
852 1909 929 1968 >folia
950 1908 1000 1968 Vll
1018 1928 1087 1970 cum

33 2019 60 2058 ro
74 2001 174 2078 granis
197 1998 246 2057 Vll
276 1997 412 2058 similiter
435 2004 469 2056 ut
493 2015 596 2076 supra,
624 1995 676 2056 sed
704 1998 823 2056 infirmo
847 2015 883 2056 ex
907 1996 989 2057 calda
1012 2016 1088 2076 aqua

74 2087 172 2168 dabis3
202 2085 378 2147 mirabiliter
405 2094 519 2145 tussem
548 2086 682 2162 quamvis
710 2085 864 2146 molestam
888 2093 918 2145 et
941 2093 1088 2145 vetustam

73 2176 201 2237 sedabis.

163 2264 206 2324 Ad
231 2264 375 2324 diutinam
398 2270 521 2343 tussem,
545 2281 621 2340 quae
644 2279 806 2341 numquam
830 2261 939 2321 desinit
962 2269 992 2321 et
1016 2263 1141 2322 satis14

74 2353 199 2413 molesta
227 2360 286 2433 est,
315 2353 498 2412 medicamen
521 2351 612 2411 facies
637 2354 694 2412 sic:
731 2350 844 2411 Laricis
867 2384 911 2394 -
930 2350 951 2430 l,
974 2351 1088 2430 piperis

33 2459 60 2500 aa
75 2475 117 2484 -
136 2442 160 2522 l,
184 2443 265 2502 croci
291 2473 329 2485 -
350 2441 372 2518 1,
395 2459 511 2520 myrrae
536 2473 573 2483 -
595 2440 616 2520 l,
640 2439 786 2501 marrubii
807 2442 890 2501 tunsi
913 2441 978 2500 suci
1002 2457 1087 2518 quar·

74 2532 197 2612 tarium,
225 2531 300 2590 ficus
329 2531 423 2590 siccas
451 2537 528 2610 tres,
560 2529 655 2589 mellis
685 2531 791 2608 optimi
818 2528 895 2607 quod
925 2530 998 2588 satis
1022 2546 1087 2588 csse

74 2621 277 2680 aestimaveris
299 2637 424 2698 coques,
447 2619 520 2678 baec
543 2621 655 2696 pariter
678 2617 817 2678 miscebis
841 2626 871 2676 et
893 2625 1031 2677 conteres
1055 2635 1088 2676 ac

75 2709 119 2767 sic
147 2710 247 2768 ieiuno
274 2707 375 2767 triduo
403 2709 545 2766 continuo
574 2705 718 2766 coclearia
741 2705 856 2783 singula
879 2704 978 2785 dabis,
1000 2707 1087 2764 mira-

75 2795 156 2856 beris
179 2795 358 2874 remedium3
382 2795 433 2854 sed
458 2796 484 2852 si
507 2810 630 2852 necesse
654 2793 754 2872 suerit,
779 2794 958 2852 intermissis
982 2792 1088 2852 diebus

32 2902 61 2942 ao
75 2886 185 2945 iterum
208 2904 242 2945 ac
267 2884 385 2960 saepius
408 2881 506 2959 dabis3
529 2880 586 2938 boc
610 2881 698 2938 etiam
721 2880 866 2957 pthisicos
890 2887 983 2940 sanat.

163 2972 208 3033 Ad
232 2982 346 3033 tusscm
370 2988 406 3029 ex
429 2968 621 3048 perfrictione
643 2965 796 3026 collectam
824 2965 1007 3026 medicamen
1030 2966 1088 3026 hoc
1110 2977 1142 3026 15

75 3062 149 3122 utile
173 3070 231 3123 est:
263 3061 347 3120 docti
370 3059 474 3137 optimi
496 3055 659 3136 heminam,
682 3072 775 3132 aquae
798 3053 960 3133 heminam,
983 3053 1090 3133 hysopi

77 3143 170 3236 Ml
189 3160 249 3210 tam
269 3149 320 3208 diu
344 3165 464 3225 coques,
488 3146 583 3206 donec
606 3144 641 3204 ad
665 3143 853 3203 medietatem
873 3142 1089 3224 decoquantur3

76 3247 141 3299 tum
163 3240 312 3298 heminam
336 3235 431 3296 mellis
455 3235 525 3295 boni
549 3234 717 3313 despumati
739 3231 850 3292 adicies
872 3239 902 3292 et
920 3231 1001 3291 lento
1019 3233 1089 3309 igne

84 3398 88 3404 ·
148 3370 348 3441 alexipyreas.
420 3369 649 3440 tglntbinosem.
706 3373 739 3422 to
757 3366 883 3424 foenitio.
941 3371 973 3422 12
992 3365 1088 3436 pullei.

77 3449 111 3500 ta
131 3443 283 3514 cocleario]
303 3441 467 3497 cottidiana.
563 3447 597 3495 16
616 3439 683 3510 tria]
702 3439 779 3495 brito.
874 3444 909 3494 26
927 3439 1006 3510 ttesl
1016 3455 1099 3491 enas,

75 3522 110 3573 2⁷
130 3514 320 3571 estimaveris:
339 3511 544 3568 existimaveris
563 3511 730 3584 Stephanus.
