2438 3802
490 160 729 227 -313-

191 323 350 386 Lacertum
369 324 502 404 viridem,
521 342 609 403 quem
630 323 736 384 Graeci
754 341 864 384 sauron
883 333 996 406 vocant,
1015 328 1114 404 capies
1133 338 1168 388 45

102 432 215 493 perque
239 415 304 474 eius
328 412 430 473 oculos
453 431 539 473 acum
563 430 703 491 cupream
731 430 800 472 oum
823 411 891 473 licio
915 431 1004 491 quam
1027 413 1114 493 longo

102 502 232 563 volueris
256 503 376 562 traicies
399 502 619 581 perforatisque
642 501 737 562 oculis
756 519 825 562 eum
844 500 954 562 ibidem
973 502 1039 583 loci,
1061 503 1115 564 ubi

103 609 235 671 ceperas,
253 591 386 651 dimittes
405 608 439 651 ac
457 600 522 651 tum
541 589 622 650 filum
641 589 847 670 praecantabis
866 590 982 652 dicens:
1006 591 1114 652 Trebio

75 681 205 759 apotnia
228 678 372 758 telapaho.
407 677 470 740 Hoc
494 687 540 740 ter
563 679 667 740 dicens
690 678 772 740 filum
795 679 947 740 munditer
970 681 1115 741 recondes

103 786 231 847 cumque
246 768 331 828 dolor
345 767 432 829 colici
445 768 571 829 alicuius
585 767 734 849 urguebit,
747 770 922 848 praecinges
937 787 1004 830 eum
1019 778 1114 830 totum
1210 800 1213 804 ’

103 875 195 936 supra
218 857 391 918 umbilicum
415 865 446 918 et
468 865 514 918 ter
538 858 619 918 dices
643 874 763 918 carmen
787 875 878 935 supra
901 860 1055 937 scriptum.

192 945 441 1006 Praesentaneum
463 945 565 1007 colicis
584 946 749 1006 remedium
769 948 825 1008 sio:
849 945 910 1007 Ova
928 947 1114 1026 putidissime
1133 957 1169 1008 46

102 1035 133 1094 in
157 1034 219 1094 sole
242 1036 355 1115 ponito,
378 1042 413 1095 ut
430 1037 650 1115 persiccentur3
674 1053 743 1096 cum
762 1037 904 1116 aruerint,
928 1043 1065 1096 conteres
1085 1044 1115 1096 et

62 1143 88 1182 ιο
102 1125 301 1184 minutissime
320 1122 515 1202 percriblabis
539 1123 623 1184 etad
642 1124 824 1202 praesidium
842 1125 874 1183 in
893 1123 1001 1184 doliolo
1020 1127 1113 1184 vitreo

102 1213 213 1273 condes
232 1230 359 1291 cumque
378 1214 410 1272 in
428 1212 527 1291 aliquo
546 1212 749 1290 suspicabitur
768 1211 825 1272 coli
839 1210 932 1292 dolor,
950 1214 982 1273 in
995 1212 1115 1273 hemina

101 1319 195 1380 aquae
219 1299 330 1361 calidae
354 1300 437 1361 dabis
460 1300 588 1362 bibenda
611 1300 749 1363 cocliaria
771 1302 837 1360 tria.

192 1389 315 1450 Costum
343 1397 373 1450 et
400 1391 486 1468 piper
512 1392 578 1468 pari
608 1390 740 1467 pondere
770 1388 888 1449 tundito
919 1398 949 1450 et
975 1389 1114 1471 cribrato,
1133 1401 1168 1450 47

101 1478 171 1538 inde
195 1477 360 1557 scripulum
383 1497 476 1539 unum
500 1497 536 1538 ex
559 1497 635 1557 aqua
658 1477 751 1539 calida
774 1476 868 1538 colico
890 1477 926 1538 da
944 1477 1114 1540 bibendum.

62 1585 88 1626 15
103 1566 227 1628 Stercus
255 1569 406 1628 murinum
430 1585 466 1627 ex
490 1585 677 1647 quocumque
701 1566 817 1647 liquore
841 1568 990 1645 ignoranti
1013 1567 1115 1650 colico,
1133 1579 1170 1628 48

102 1674 140 1716 ne
164 1656 326 1736 horrescat,
349 1655 511 1740 bibendum
535 1655 628 1737 dabis,
651 1657 761 1716 mirum
785 1663 838 1715 est

192 1743 399 1822 Subpositoria
421 1745 514 1806 colice
537 1746 659 1805 invicta:
687 1743 803 1824 Myrrae
829 1776 867 1787 —
888 1743 942 1825 lll,
966 1740 1048 1805 croci
1071 1744 1114 1806 Si·
1133 1756 1170 1805 49

103 1832 163 1892 culi
188 1832 287 1912 -ll,
315 1835 428 1912 piperis
457 1833 516 1894 albi
539 1832 639 1913 -ll,
668 1834 729 1912 opii
752 1832 875 1911 Hispani
898 1866 941 1876 -
960 1831 995 1894 11.
1035 1832 1115 1895 Haec

103 1922 202 1980 omnia
229 1921 337 1982 tundes
365 1922 412 1983 vel
439 1930 577 1982 conteres
606 1929 636 1982 et
662 1921 769 2000 pilulas
797 1921 888 1982 iacies
911 1922 1114 2000 magnitudine

62 2027 88 2067 eo
104 2008 187 2069 labae
216 2009 326 2070 solidae
354 2018 385 2070 et
412 2017 475 2070 tres
502 2009 666 2090 subpones3
693 2009 816 2071 babebis
845 2028 915 2070 sane
939 2029 1054 2092 curam,
1081 2020 1115 2073 ut

102 2116 190 2178 aeger
205 2097 332 2158 dormiat
346 2106 376 2159 et
389 2116 427 2159 ne
438 2106 548 2179 vomat;
562 2102 690 2160 vomitus
700 2100 778 2159 enim
790 2101 940 2160 concitare
951 2102 1113 2161 consuerit.

190 2186 234 2248 Ad
253 2187 311 2248 ooli
330 2186 462 2248 dolorem
480 2187 645 2248 remedium
664 2187 820 2268 physicum
836 2190 893 2249 sic:
913 2187 1036 2249 Stercus
1051 2191 1114 2250 ovis
1133 2199 1170 2250 50

100 2283 257 2337 montanae
281 2294 383 2338 mense
403 2275 573 2355 Septembri
595 2277 751 2338 deficiente
774 2276 844 2337 luna
867 2277 963 2356 pridie
981 2277 1114 2339 inclusae

100 2383 186 2426 mane
215 2367 352 2446 excipies·
371 2373 401 2426 et
423 2364 486 2426 sole
509 2364 631 2426 durabis
654 2373 743 2444 atque
766 2367 797 2426 in
820 2365 973 2445 pulverem
996 2367 1114 2447 rediges

60 2472 87 2513 sa
101 2461 131 2514 et
153 2453 277 2515 habebis
300 2457 330 2515 in
350 2473 419 2516 vaso
438 2456 534 2516 vitreo
553 2456 615 2515 sive
634 2461 770 2537 stagne03
794 2473 862 2516 oum
881 2473 955 2516 usus
974 2458 1116 2540 exegerit,

100 2542 234 2604 cocleare
257 2543 378 2623 plenum
401 2543 496 2605 colico
520 2561 556 2604 ex
577 2561 653 2623 aqua
672 2543 774 2624 calida,
798 2546 824 2604 si
843 2543 1065 2627 febricitaverit,
1089 2549 1114 2606 si

100 2633 237 2693 sincerus
260 2635 326 2714 erit,
350 2650 418 2694 cum
442 2634 509 2692 vino
533 2632 744 2712 pertriduum
768 2633 860 2694 dabis.

189 2719 260 2781 Ovis
279 2739 396 2801 agnum,
419 2723 657 2800 quamprimum
676 2723 780 2802 pariet,
803 2739 892 2781 manu
912 2723 1051 2802 excipies,
1074 2725 1114 2783 ita
1133 2733 1168 2782 cr

100 2814 135 2867 ut
161 2815 273 2868 terram
301 2827 361 2869 non
389 2816 502 2889 tangat,
531 2817 561 2870 et
587 2810 623 2870 de
647 2810 746 2869 fronte
770 2809 903 2869 eiusdem
927 2813 996 2886 agni
1018 2811 1114 2870 lanam

59 2913 87 2954 ao
100 2894 196 2976 tolles,
220 2897 272 2957 sed
291 2904 321 2958 et
339 2897 376 2957 de
394 2898 459 2974 ipsa
478 2916 532 2958 ove
552 2907 583 2960 et
600 2900 705 2977 verris,
728 2899 779 2976 qui
798 2899 909 2957 coitum
929 2915 998 2957 cnm
1017 2898 1114 2957 scrofa

100 2983 198 3065 saciet,
221 3003 324 3046 semen
347 2985 450 3046 eadem
473 2985 539 3047 lana
563 2988 702 3066 excipies,
726 2988 766 3046 ita
790 2992 953 3045 ulterram
973 3003 1032 3044 non
1052 2993 1114 3045 tan·

100 3080 158 3151 gat,
182 3080 212 3135 et
234 3073 369 3135 includes
391 3073 488 3136 lanam
512 3094 581 3136 cum
605 3077 717 3136 semine
737 3075 832 3135 verris
851 3075 883 3134 in
901 3073 1003 3153 lupino
1023 3091 1113 3134 aureo

99 3161 146 3221 vel
168 3161 273 3223 tubulo
296 3170 326 3224 et
344 3162 496 3242 alligatum
514 3166 545 3225 in
564 3164 686 3226 brachio
706 3163 752 3224 vel
770 3163 876 3225 mediis
894 3161 1030 3242 partibus
1050 3181 1114 3222 cor·

98 3252 182 3328 poris
205 3251 299 3312 colico
323 3252 498 3331 suspendes

97 3533 131 3584 21
187 3461 366 3583 tcopperos.
416 3456 515 3528 filium,
533 3458 597 3514 dem
616 3463 641 3513 t.
694 3455 872 3512 tumbilico.
930 3463 963 3512 16
984 3458 1123 3513 emeseni„

155 3543 257 3584 consue
305 3567 312 3582 .
