2438 3802
498 166 717 232 ..33-

97 329 173 390 beue
193 329 263 389 lacit
282 337 458 389 centaureae
473 330 572 390 tenuis
592 347 683 390 sucus
702 347 770 389 oum
786 339 869 391 aceto
885 330 978 392 calido
993 333 1110 395 inlusus

97 420 195 497 capiti.
243 417 287 477 dd
315 419 420 496 capitis
446 417 605 479 molestum
634 425 663 479 et
691 416 841 480 diutinum
865 419 996 481 dolorem
1021 423 1111 484 medi·
1130 434 1187 484 38-

98 508 212 568 camina
235 506 313 566 infra
337 507 448 584 scripta
471 507 575 567 facies:
598 505 732 568 Hederae
756 508 859 584 nigrae
883 507 951 568 lolia
974 512 1044 571 trita
1063 512 1111 572 ad-

99 597 189 656 mixto
213 601 306 675 aceto,
330 593 404 672 oleo,
428 596 505 676 vino,
529 597 631 674 aequis
655 594 852 675 portionibus,
876 595 956 675 qnod
975 598 1112 681 sufficiat,

70 685 129 743 sin
162 682 280 744 vasculo
309 681 443 762 quolibet
471 685 585 745 lervere
614 685 704 745 facies
732 702 765 744 ac
794 692 898 763 postea
925 685 1054 747 frontem
1082 696 1113 749 et

97 781 231 852 tempora
255 772 339 833 lines.
386 773 507 834 Cicutae
531 771 599 832 lolia
623 782 673 833 aut
697 774 722 832 si
748 772 816 833 lolia
840 791 900 834 non
923 774 1043 856 luerint,
1067 795 1111 836 ra-

98 861 196 921 dicem
224 863 287 922 eius
315 869 395 922 teres
425 869 455 923 et
482 862 572 922 lronti
600 861 708 922 inlines
740 867 792 922 aut
819 863 850 922 in
879 863 1004 924 saccello
1033 864 1111 927 lineo

99 948 136 1008 ad
158 949 285 1010 frontem
304 950 476 1028 suspendes.
513 949 601 1012 dloes
621 942 660 1036 β
681 948 730 1030 Vl,
754 943 836 1011 croci
855 943 895 1036 2·
916 950 962 1034 Vl,
984 957 1112 1032 gummis

100 1030 140 1123 ᾇ
170 1036 218 1119 Vl,
251 1037 349 1099 album
381 1041 429 1099 ovi
461 1047 491 1099 et
518 1039 633 1100 cocleas
663 1040 792 1098 minutas
820 1057 946 1100 numero
969 1040 1005 1122 V,
1038 1041 1112 1106 haec

58 1144 84 1184 10
98 1128 237 1186 universa
260 1135 397 1190 conteres
421 1129 451 1187 io
474 1130 615 1189 mortario
640 1145 805 1188 marmoreo
830 1136 860 1188 et
878 1138 962 1190 aceto
982 1130 1112 1194 admixto

98 1215 189 1276 ironti
211 1215 328 1276 inlines.
366 1215 510 1279 Rasamen
533 1223 642 1296 pastae,
667 1216 746 1295 quod
769 1218 801 1276 in
824 1217 940 1295 magide
962 1218 1112 1299 adhaeret,

100 1296 138 1389 2·
155 1302 190 1362 Vl
209 1312 239 1364 et
256 1312 356 1365 cretae
372 1296 411 1390 19‘
427 1303 463 1365 Vl
483 1312 513 1365 et
531 1303 689 1366 bulborum
708 1306 895 1366 incautorum
911 1299 951 1391 ,91
965 1305 1007 1367 lIl
1025 1309 1112 1369 tritos

98 1400 128 1453 et
155 1391 314 1454 medullam
341 1394 403 1456 sire
430 1392 564 1454 vitellum
592 1395 638 1453 ovi
661 1392 809 1472 gallinacii
839 1401 976 1457 conteres
1000 1398 1112 1474 pariter

98 1499 134 1542 ex
152 1488 245 1543 -aceto
274 1490 304 1542 et
331 1481 425 1543 fronti
450 1480 566 1543 inlines.
612 1480 691 1544 Muri
719 1479 878 1543 cerebrum
905 1482 991 1545 tolles
1020 1493 1051 1546 et
1079 1484 1112 1546 'iu

56 1572 166 1630 levino
186 1572 287 1631 mittes
305 1588 340 1630 ac
359 1578 540 1630 maceratum
559 1577 589 1631 et
603 1572 708 1631 tritum
722 1571 814 1632 lronti
833 1571 949 1635 inlines.
987 1571 1112 1635 Eulorbi

99 1651 175 1744 Ἠ,
190 1660 272 1718 croci
287 1650 326 1743 β
341 1656 377 1716 Vl
395 1659 541 1735 permisce
559 1676 628 1720 cum
643 1668 727 1721 aceto
746 1668 776 1721 et
790 1662 903 1738 pariter
917 1660 992 1723 bene
1007 1664 1112 1725 tritum

99 1747 191 1806 ironti
212 1746 313 1807 inline.
350 1745 484 1807 Hederae
508 1765 599 1808 sucus
623 1747 733 1809 densus
757 1748 848 1809 fronti
872 1756 903 1811 et
926 1750 1112 1829 temporibus

97 1834 235 1897 inlinitur
254 1846 283 1896 et
302 1852 371 1895 cum
390 1836 518 1897 siccatus
538 1836 636 1915 luerit,
655 1837 765 1896 iterum
784 1836 933 1919 inlinitur,
957 1857 1016 1916 quo
1035 1840 1112 1902 lacto

99 1923 195 1984 dolori
210 1925 315 2003 capitis
329 1931 468 2002 potenter
483 1923 666 1985 subvenitur.
692 1924 737 1984 Ad
752 1926 991 2002 conpescendam
1006 1931 1112 2006 capitis
1132 1939 1166 1987 39

57 2028 85 2069 so
99 2011 233 2074 dolorem
259 2011 400 2091 pollinem
429 2013 505 2075 turis
531 2030 600 2073 cum
622 2013 696 2075 visci
724 2011 855 2090 scripulo
882 2015 994 2090 pariter
1023 2015 1113 2076 fronti

98 2101 198 2163 inline.
236 2100 322 2172 Quod
336 2103 363 2162 si
377 2099 479 2162 dolore
498 2100 628 2162 medium
649 2109 738 2180 caput
757 2099 830 2161 findi
848 2100 1006 2182 videbitur,
1024 2102 1113 2164 hede-
1132 2113 1167 2162 40

99 2209 161 2252 ram
190 2189 341 2252 contunde
365 2209 399 2251 ac
422 2208 528 2252 sucum
552 2191 617 2251 eius
641 2189 705 2250 oleo
729 2207 852 2251 rosaceo
875 2189 968 2250 misce
991 2198 1022 2251 et
1045 2209 1113 2252 cnm

99 2278 219 2340 linteolo
242 2279 355 2340 mundo
379 2279 471 2342 fronti
493 2279 640 2360 inducito,
663 2287 796 2359 tempora
821 2296 939 2358 quoqne
963 2297 1000 2340 ex
1024 2298 1058 2341 eo
1083 2288 1113 2342 et

98 2386 186 2431 nares
204 2386 352 2448 perunge3
376 2368 455 2446 qnod
476 2370 502 2428 si
520 2370 637 2447 gravior
655 2367 740 2430 dolor
760 2369 859 2450 luerit,
879 2369 968 2431 etiam
987 2369 1114 2433 cerebro

58 2470 84 2512 re
99 2457 291 2535 superfundo.
328 2456 440 2518 Limaci
459 2456 614 2538 calculum,
635 2476 723 2538 quem
742 2460 773 2519 in
793 2459 889 2537 capite
912 2457 1011 2540 habet,
1029 2460 1113 2541 tolle,
1132 2469 1166 2518 41

99 2545 178 2624 quod
202 2564 263 2606 non
286 2545 372 2606 lacile
396 2545 500 2628 facies,
530 2548 589 2607 nisi
616 2549 657 2627 ei,
686 2546 756 2608 deam
780 2549 812 2607 in
836 2549 881 2608 via
904 2549 995 2630 repit,
1024 2557 1114 2629 caput

99 2633 198 2695 subito
222 2634 399 2696 abscideris:
424 2653 513 2714 quem
535 2635 662 2715 lapidem
682 2637 824 2715 quamdiu
846 2644 944 2698 tecum
963 2635 1113 2716 habueris,

98 2741 261 2802 numquam
284 2722 378 2784 ullum
402 2723 536 2784 dolorem
559 2726 666 2802 eapitis
689 2743 744 2786 nec
769 2726 879 2786 senties
903 2743 958 2786 nec
982 2728 1113 2803 patieris.

100 2810 190 2872 Lauri
212 2811 299 2873 bacas
318 2830 444 2875 numero
463 2812 487 2870 V
505 2831 542 2875 ex
560 2819 644 2872 aceto
663 2821 785 2873 contere
805 2820 856 2873 aut
874 2820 988 2891 septem
1007 2813 1113 2892 pilulas
1132 2823 1167 2872 42

61 2911 89 2952 ao
104 2902 245 2961 stercoris
266 2903 381 2980 caprini
404 2919 440 2960 ex
464 2907 548 2959 aceto
573 2907 638 2958 tere
662 2907 692 2958 et
715 2901 806 2961 fronti
828 2899 928 2959 inline.
965 2899 1064 2960 Herba
1083 2903 1114 2962 in
1133 2911 1167 2959 43

102 2987 198 3064 capite
213 2995 325 3050 statuae
340 2987 501 3050 cuiuslibet
515 2987 598 3047 nasci
612 2983 696 3066 solet,
706 3004 740 3046 aa
755 2986 946 3046 decrescente
961 2985 1031 3048 luna
1045 2986 1114 3047 sub·

101 3073 168 3136 lata·
181 3079 331 3158 capitique
354 3076 557 3155 circumligata
581 3072 714 3135 dolorem
732 3073 822 3154 tollit,
846 3074 1006 3134 emicranio
1025 3075 1114 3137 etiam

100 3164 262 3229 efficaciter
280 3165 427 3248 medetur,
450 3167 477 3227 si
494 3167 525 3225 in
545 3181 643 3244 panno
662 3162 729 3224 rulo
748 3162 808 3224 lino
831 3161 898 3223 rulo
917 3160 1006 3240 ligata
1024 3164 1115 3242 capiti

98 3253 145 3314 vel
159 3254 346 3335 temporibus
360 3254 505 3334 alligetur.
532 3252 673 3315 Radicem
690 3251 878 3332 atractylidos
892 3250 1011 3332 herbae,
1026 3269 1114 3331 quam
1133 3263 1168 3312 44

57 3356 85 3398 ⁸⁶
99 3346 196 3405 nostri
224 3343 367 3405 carduum
395 3352 516 3421 vocant,
544 3341 591 3402 vel
619 3343 684 3402 eins
712 3359 827 3401 ramum
855 3339 901 3401 vel
923 3339 1029 3401 liorem
1051 3342 1115 3401 aeia

172 3530 304 3600 beapud.
360 3532 477 3590 salnes.
531 3536 566 3587 28
580 3528 648 3586 ullo.
704 3533 740 3586 e‘t
754 3528 925 3602 emigrando.
968 3528 1040 3586 ‘an

151 3629 309 3685 burmann,
322 3641 362 3674 nn.
376 3633 538 3678 Hnnmren.
965 3626 989 3676 Q
1027 3645 1036 3657 ⁸
