2438 3802
495 139 647 204 -247
698 176 736 187 -

197 301 336 381 Malagma
357 301 393 362 ad
414 319 503 362 conae
523 301 668 362 dolorem:
692 301 821 362 Masticis
836 301 924 363 Chiae
939 303 970 365 P.
986 303 1015 384 8,
1035 304 1118 364 abro·
1139 319 1155 367 6

108 393 172 452 toni
195 393 260 452 suci
282 388 314 450 *fo
334 390 368 470 S,
398 392 474 450 turis
498 389 528 450 P.
549 390 584 470 S,
612 390 680 450 salis
705 393 880 450 ammoniaci
902 391 934 453 P.
955 391 988 473 8,
1016 395 1119 453 aristo-

108 479 200 540 lociae
229 479 373 540 rotundae
400 478 430 539 P.
449 478 489 558 ΙΙ,
517 479 702 540 aristolociae
726 478 854 557 digitalis
878 479 908 541 P.
927 479 968 560 ΙΙ,
997 499 1119 559 spumae

109 570 224 646 argenti
246 567 277 628 P.
296 566 317 646 Ι,
341 566 498 647 propoleos
522 566 553 627 P.
572 567 593 648 1,
617 570 693 628 cotis
714 567 847 629 Creticae
866 567 898 629 P.
917 568 930 628 Ι
950 568 979 650 8,
1003 571 1118 629 resinae

81 658 241 735 spituinae
260 655 291 717 P.
311 655 324 716 I
344 655 373 730 S,
397 655 455 715 olei
478 658 587 716 veteris
606 655 637 717 P.
656 655 704 737 ΙΙΙ,
729 655 786 716 olei
808 657 916 717 leuvini
936 657 968 718 P.
988 656 1037 736 ΙΙΙ,
1061 657 1118 736 gal-

108 744 177 804 bani
191 744 221 804 P.
235 744 257 824 1,
277 743 390 824 lepidae
410 743 533 823 Cypriae
548 743 579 804 P.
596 743 624 824 8,
644 763 729 804 cerae
744 743 775 805 P.
790 743 803 803 Ι
818 744 847 824 8,
867 747 978 825 sinapis
995 745 1117 806 Alexan-

107 833 186 892 drini
205 829 235 893 18
255 832 304 912 ΙΙΙ,
324 834 400 893 aceti
419 829 450 892 {c
469 832 518 892 ΙΙΙ.
550 831 655 893 Omnia
674 833 747 893 haee
766 841 853 894 tunsa
873 853 947 913 quae
967 835 1117 896 tundenda

106 929 176 981 sum
204 929 234 981 et
261 923 385 981 remissa
409 939 484 1000 quae
508 921 721 1000 liquefaciendo
744 929 814 982 sunt
837 923 925 983 simul
949 940 1118 1002 excoquun-

104 1018 155 1069 tur
179 1018 209 1070 et
231 1017 333 1088 postea
356 1017 417 1070 tam
441 1009 491 1070 diu
512 1009 647 1070 manibus
666 1010 854 1092 subiguntur,
878 1010 972 1072 donec
992 1012 1118 1072 densum

63 1112 90 1152 ro
104 1098 247 1176 malagma
270 1099 329 1158 siat.

194 1186 329 1247 Sciaticis
354 1186 469 1247 cocleae
494 1186 604 1247 crudae
627 1189 714 1247 tritae
737 1189 768 1246 in
787 1189 855 1247 vino
874 1187 998 1247 Amineo
1018 1206 1054 1248 ex
1073 1191 1116 1266 pi·
1137 1201 1152 1249 v

104 1294 174 1354 pere
194 1283 280 1354 potae
301 1276 375 1335 mire
395 1283 528 1353 prosunt.
561 1274 670 1336 Pellem
690 1275 753 1353 lupi
771 1274 960 1335 aluminatam
978 1295 1033 1354 per
1052 1277 1116 1337 dies
1135 1289 1151 1338 8

104 1382 155 1424 ser
179 1363 288 1424 lumbis
312 1363 481 1424 dolentibus
504 1365 622 1443 inpone,
646 1365 745 1424 statim
769 1363 935 1424 subvenies.

192 1451 374 1512 Lumborum
394 1463 424 1512 et
442 1455 573 1513 vessicae
593 1451 774 1513 cruciatibus
789 1451 934 1512 laboranti
949 1453 1070 1532 prodest
1085 1456 1116 1514 in
1135 1467 1151 1515 9

64 1555 90 1596 15
105 1539 229 1601 balineis
253 1541 317 1600 loco
341 1541 445 1620 calido,
469 1541 540 1601 dum
563 1539 623 1601 illic
647 1552 701 1621 est,
725 1544 841 1602 vrrinam
866 1559 997 1619 egerere.
1036 1541 1169 1604 Lanato

103 1629 214 1709 sucida,
234 1632 321 1708 nitro,
345 1629 477 1710 sulpure,
501 1629 574 1710 oleo,
595 1639 687 1710 aceto,
706 1632 772 1709 pice
791 1629 911 1710 liquida,
931 1631 1115 1713 ferventibus

102 1717 158 1795 his,
181 1721 274 1778 tincta
298 1726 327 1778 et
351 1737 439 1797 quam
463 1717 641 1779 calidissime
666 1721 814 1779 sustinere
837 1721 932 1798 possit
950 1717 997 1779 bis
1017 1721 1048 1779 in
1067 1712 1114 1779 die

103 1805 236 1883 adposita
258 1806 381 1886 prodest
403 1805 573 1868 lumborum
596 1806 699 1867 dolori.

192 1893 365 1955 Remedium
394 1898 502 1956 mirum
530 1896 686 1956 adversum
715 1897 845 1955 nesciam
874 1894 919 1955 vel
948 1895 1113 1956 arthrisim:
1135 1908 1166 1957 11

63 1981 200 2042 20Herba
224 1992 270 2044 est
292 1983 338 2044 vel
361 1984 531 2064 frutectum,
556 1984 634 2062 quod
659 1985 784 2044 maxime
808 1985 886 2044 circa
911 2001 997 2061 sepes
1017 1986 1112 2043 vinea-

103 2090 170 2132 rum
197 2074 343 2152 nascitur,
372 2072 476 2133 Latine
509 2075 620 2152 cytisus
649 2072 772 2152 dicitur;
803 2071 940 2150 virgultis
970 2081 1017 2132 est
1045 2072 1113 2132 sub·

102 2162 189 2221 tortis
212 2161 259 2221 vel
281 2163 394 2241 cumis,
418 2161 496 2222 loliis
519 2160 667 2240 oblongis,
691 2159 766 2220 bene
790 2159 965 2240 virentibus,
988 2159 1113 2221 floribus

102 2249 250 2310 conclusis
274 2248 409 2328 oblongis
431 2249 504 2310 albis
524 2249 569 2310 vel
589 2252 677 2310 etiam
696 2248 839 2327 galbineis
858 2248 933 2309 bene
953 2248 1112 2330 olentibus

101 2338 129 2398 id
145 2346 191 2399 est
206 2337 317 2398 mellito
331 2337 431 2399 odore.
455 2338 630 2399 Frutectum
644 2339 742 2417 ipsum
758 2355 875 2416 semper
886 2340 984 2398 virens
999 2345 1112 2398 aestate

60 2437 86 2479 ²⁵
102 2437 190 2506 atque
217 2427 315 2487 hieme
344 2426 493 2506 colligitur
521 2427 568 2488 die
592 2426 668 2487 lovis
696 2425 765 2487 luna
793 2433 893 2486 vetere
920 2425 1022 2487 liduna
1045 2436 1112 2488 ante

100 2517 256 2593 prandium
280 2522 310 2575 et
333 2515 421 2576 datur
445 2518 480 2595 ei,
504 2518 553 2576 cui
576 2515 709 2576 remedio
728 2515 828 2576 futura
847 2522 901 2596 est,
925 2517 1025 2576 ieiuno
1045 2523 1112 2577 ante

99 2605 257 2683 prandium
276 2606 355 2684 trita,
378 2607 418 2664 ita
441 2614 474 2665 ut
493 2622 553 2664 non
572 2623 663 2666 sucus
682 2613 798 2665 tantum
817 2605 891 2685 eius,
914 2604 966 2664 sed
986 2613 1016 2664 et
1036 2604 1113 2684 lolia,

100 2693 248 2771 quomodo
268 2694 337 2754 trita
356 2693 477 2774 luerint,
498 2693 542 2753 vel
560 2692 650 2753 llores
669 2695 742 2772 eius,
762 2692 925 2772 siluerint,
946 2695 988 2753 sic
1003 2693 1113 2754 dentur

100 2798 136 2838 ex
164 2783 240 2841 meri
267 2783 327 2841 vini
354 2784 464 2842 veteris
491 2783 553 2842 sive
582 2783 670 2842 etiam
693 2780 801 2840 novelli
825 2782 975 2859 quartario
999 2781 1112 2858 grandi.
1145 2848 1147 2850 ,

59 2877 85 2919 20
101 2866 158 2927 Sed
187 2871 239 2947 qni
267 2870 392 2949 accipiet
420 2878 502 2931 stans
530 2871 654 2948 accipiat
679 2877 710 2928 et
732 2875 836 2928 contra
859 2869 1005 2928 orientem
1030 2867 1111 2928 bibat

101 2963 131 3015 et
159 2975 228 3017 crim
255 2975 271 3017 a
300 2956 402 3019 dextra
430 2966 514 3037 parte
537 2959 688 3035 potionem
712 2956 875 3033 acceperit,
900 2954 936 3014 ad
960 2956 1112 3015 sinistram

100 3052 182 3104 retro
205 3054 239 3106 ut
262 3063 321 3105 non
345 3049 484 3126 respiciat
507 3045 611 3106 reddat
635 3043 756 3104 calicem
781 3045 822 3121 ei,
846 3045 897 3121 qui
921 3042 1037 3103 dederit
1060 3061 1111 3122 po·

99 3135 226 3215 tionem3
259 3133 315 3195 hoc
349 3154 403 3214 per
433 3135 565 3196 triduum
593 3134 689 3194 laciet.
736 3130 794 3192 Sed
823 3133 874 3210 qui
902 3130 1025 3191 daturus
1055 3133 1113 3192 erit

100 3224 260 3304 potionem,
284 3241 343 3284 una
365 3223 438 3284 hora
459 3223 503 3284 vel
522 3241 582 3284 uno
601 3222 649 3283 die
668 3222 775 3282 lectam
793 3219 916 3281 herbam
936 3218 1024 3280 simul
1043 3238 1111 3280 con·

190 3428 370 3484 lrutundoe.
433 3427 610 3512 epotuinae.
675 3434 707 3482 12
727 3427 849 3510 prodest.
910 3429 942 3480 16
960 3422 1111 3549 locopssolio

101 3505 149 3554 lm
168 3498 231 3554 oleo
250 3505 310 3556 2m.
377 3505 409 3554 19
429 3501 553 3555 erdrsrm.
620 3504 655 3554 25
675 3497 831 3568 collegitur.
895 3501 929 3552 26
948 3513 1023 3551 reme
1055 3512 1117 3551 um.
