2438 3802
493 155 736 218 -107-

97 314 185 376 culae
204 333 265 375 nou
284 313 432 375 audientis
451 316 603 396 infundes3
622 316 679 376 hoc
699 318 863 379 remedium
884 322 972 379 etiam
987 320 1119 380 dolorem

98 404 247 466 emendat.
279 403 416 485 Herbam,
436 422 511 483 quae
532 404 641 465 Gallice
660 405 771 466 dicitur
789 406 963 488 blutthagio,
982 412 1114 470 nascitur
1122 422 1172 471 132

97 493 174 553 locis
202 493 324 572 umidis,
352 511 416 552 eam
440 504 521 554 teres
545 511 709 573 sucumque
734 497 811 576 eius,
840 498 956 556 etiamsi
984 497 1118 557 modicus

99 583 202 662 luerit,
221 600 290 642 cum
308 581 425 642 modico
440 585 517 642 aceti
532 582 696 642 confundes
711 593 741 643 et
755 587 868 662 pariter
883 593 962 644 teres
977 584 1118 645 colatum-

69 689 159 750 sque
179 689 214 731 ac
232 671 413 748 tepefactum
432 671 555 731 auribus
573 671 740 732 instillabis.
774 672 892 734 Radicis
913 673 1050 753 Syriacae
1065 685 1171 734 su-133

100 777 171 819 cum
193 761 225 819 in
248 777 358 839 aurem,
383 776 458 838 quae
482 760 584 820 auditu
609 760 722 821 dillicili
745 763 811 843 erit,
835 763 967 845 infunde,
991 763 1118 842 gratula-

101 847 185 906 beris
207 848 379 908 remedium.
1115 882 1118 888 ·

540 1041 620 1102 CAP.
644 1041 679 1103 x.

140 1153 195 1208 Ad
218 1153 329 1209 omnia
352 1153 434 1208 vitia
455 1153 591 1209 narium
614 1156 649 1209 et
672 1157 717 1210 ad
738 1155 897 1224 pituitam
923 1158 1074 1212 remedia

124 1242 262 1312 physica
294 1246 329 1297 at
360 1242 572 1299 rationabilia
604 1242 738 1299 diversa
771 1247 813 1299 de
846 1245 1089 1313 experimentis

507 1332 706 1386 multorum.

188 1466 367 1546 Plerumque
386 1469 517 1544 erumpit
536 1469 645 1527 nimius
663 1467 816 1527 enaribus
831 1469 961 1546 sanguis,
981 1470 1115 1546 quicum
1136 1480 1150 1528 1

97 1555 284 1616 abundanter
302 1556 396 1634 fluxit,
419 1558 478 1615 nisi
497 1556 624 1617 celerius
644 1559 856 1639 supprimatur,
879 1556 1046 1636 periculum
1066 1558 1115 1617 ad·

55 1662 82 1701 10
97 1645 164 1704 lert.
206 1643 344 1704 Proderit
368 1663 438 1724 ergo
462 1663 537 1724 aqua
564 1643 668 1724 irigida
692 1647 737 1706 rel
761 1665 850 1725 posca
874 1646 1000 1706 subinde
1024 1655 1115 1706 totam

95 1733 203 1793 iaciem
231 1752 284 1812 per
312 1734 456 1812 slongiam
479 1733 665 1812 refrigerare.
716 1736 840 1796 Acetum
865 1753 933 1795 acre
956 1734 1150 1795 infunderes

96 1825 129 1882 in
157 1839 258 1882 aurem
286 1823 420 1902 prodest,
449 1825 535 1883 cuius
563 1842 579 1882 e
606 1825 729 1901 ,regione
758 1827 878 1902 sanguis
901 1823 980 1904 iltuit,
1010 1826 1115 1884 autin

97 1919 255 1989 utramque
289 1913 419 1990 mittere,
453 1913 479 1971 si
512 1929 547 1970 ex
576 1919 703 1990 utraque
732 1931 803 1972 nare
831 1911 969 1972 manabit,
1016 1912 1149 1992 Gypsoe

96 2007 189 2060 totam
209 2000 314 2059 iaciem
334 2019 401 2060 cum
422 2001 519 2060 ironte
539 2008 568 2060 et
588 2002 713 2059 maxime
733 2018 821 2060 nares
836 2003 966 2060 crassius
981 2001 1114 2061 oblinere

55 2102 83 2144 15
96 2088 220 2167 prodest
249 2098 278 2148 et
306 2098 395 2168 caput
423 2089 528 2166 frigida
557 2107 633 2167 aqua
657 2088 748 2148 multa
768 2089 956 2168 perfundere.
1002 2089 1150 2149 Circum-4

96 2177 190 2237 bitam
227 2196 345 2256 quoque
382 2177 586 2238 medicinalem
620 2179 758 2255 occipitio
791 2177 920 2255 adfigere
952 2178 1115 2256 plurimum

96 2266 233 2345 prodest,
261 2268 373 2327 inicere
401 2276 499 2327 autem
528 2269 610 2326 intus
637 2269 668 2326 in
697 2284 798 2327 narem
825 2266 974 2346 oportebit
997 2265 1113 2326 cocleae

96 2357 179 2414 vivae
208 2373 326 2414 carnem
355 2374 409 2434 per
437 2374 468 2416 se
497 2366 549 2417 aut
572 2375 640 2417 cum
664 2358 741 2416 turis
763 2356 873 2436 polline
897 2359 1006 2416 tritam.
1043 2354 1149 2416 Ver-5

97 2443 204 2503 benam
227 2443 363 2525 herbam,
391 2463 480 2526 quae,
509 2447 575 2525 quia
600 2445 691 2507 multa
716 2455 761 2507 est
785 2456 815 2507 et
837 2446 948 2526 ubique
972 2447 1114 2524 nascitur,

54 2547 82 2587 eo
97 2531 259 2610 polygonos
279 2533 452 2615 appellatur,
470 2537 564 2595 inseri
580 2535 702 2596 naribus
718 2536 848 2615 prodest.
886 2535 1029 2596 Similiter
1043 2535 1114 2594 iacit

96 2631 127 2681 et
150 2619 338 2699 lysimachiae
361 2623 453 2682 herba
476 2626 547 2683 trita
570 2627 707 2702 inposita.
754 2624 865 2686 Eodem
891 2643 1000 2703 genere
1025 2623 1112 2702 prod·

95 2712 155 2769 erit
178 2719 208 2769 ct
231 2710 362 2789 sicngiae
386 2712 561 2789 particulam
584 2724 768 2790 praesectam
797 2721 864 2792 apte
892 2714 995 2772 forlice
1022 2720 1052 2772 et
1077 2710 1112 2770 ad

95 2799 321 2876 amplitudinem
340 2802 457 2860 narium
477 2801 633 2876 figuratam
647 2803 760 2860 inicere
776 2801 862 2878 paulo
876 2803 1010 2878 pressius
1029 2808 1112 2860 aceto

95 2887 237 2947 iniectam
256 2897 286 2948 et
307 2889 457 2948 interdum
482 2886 585 2945 ecdem
608 2889 784 2964 inspersam.
830 2886 927 2947 Gallae
952 2898 981 2946 et
1004 2887 1111 2946 cbalci·
1132 2899 1148 2946 6

54 2988 81 3030 rs
96 2976 168 3036 tidis
188 2976 284 3053 pulvis
303 2978 421 3037 curiose
440 2977 531 3034 tritus
550 2983 638 3052 atque
657 2977 688 3033 in
704 2991 796 3034 unum
811 2977 914 3052 aequis
929 2973 1112 3051 ponderibus

96 3066 208 3125 mixtus
231 3068 423 3144 insertusque
444 3062 565 3123 naribus
585 3064 695 3141 optime
715 3063 889 3139 sanguinem
908 3063 995 3121 sistit.
1032 3061 1112 3121 Bene
1133 3071 1147 3120 't
1214 3092 1216 3094 v

96 3157 257 3232 supprimit
276 3164 305 3214 et
324 3155 379 3214 hoc
392 3153 646 3213 'medicamentum
666 3153 838 3229 sanguinem
859 3151 894 3210 de
909 3150 1032 3210 naribus
1045 3168 1113 3229 pro-

96 3241 253 3303 fluentem:
277 3242 344 3302 Mali
363 3245 494 3321 corticis,
514 3261 572 3321 quo
592 3243 711 3302 coriarii
731 3249 865 3322 utuntur,
884 3239 915 3300 P.
929 3237 951 3319 1,
975 3238 1112 3300 aluminis

95 3332 234 3411 Aegyptii
256 3331 287 3390 P.
303 3331 323 3411 i,
348 3330 513 3392 chalcitidis
536 3331 568 3391 P.
585 3331 607 3391 l.
653 3331 816 3410 Diligenter
839 3332 909 3391 trita
932 3328 1005 3389 baec
1030 3336 1060 3389 et
1082 3330 1113 3387 in

169 3519 336 3574 3humidis.
409 3520 566 3576 edifficile.
642 3525 676 3576 18
693 3517 845 3594 pollinem.
919 3524 963 3575 uk
977 3516 1137 3573 columbis.
