<?xml version="1.0" encoding="UTF-8"?>
<!DOCTYPE html PUBLIC "-//W3C//DTD XHTML 1.0 Transitional//EN"
    "http://www.w3.org/TR/xhtml1/DTD/xhtml1-transitional.dtd">
<html xmlns="http://www.w3.org/1999/xhtml" xml:lang="en" lang="en">
 <head>
  <title>
</title>
<meta http-equiv="Content-Type" content="text/html;charset=utf-8" />
  <meta name='ocr-system' content='tesseract 3.04.00' />
  <meta name='ocr-capabilities' content='ocr_page ocr_carea ocr_par ocr_line ocrx_word'/>
</head>
<body>
  <div class='ocr_page' id='page_1' title='image "./marcellidemedic01helmgoog_0070.png"; bbox 0 0 2438 3802; ppageno 0'>
   <div class='ocr_carea' id='block_1_1' title="bbox 503 129 720 194">
    <p class='ocr_par' dir='ltr' id='par_1_1' title="bbox 503 129 720 194">
     <span class='ocr_line' id='line_1_1' title="bbox 503 129 720 194; baseline 0.005 -19"><span class='ocrx_word' id='word_1_1' title='bbox 503 129 720 194; x_wconf 67' lang='grc'>,57-</span> 
     </span>
    </p>
   </div>
   <div class='ocr_carea' id='block_1_2' title="bbox 62 292 1168 3296">
    <p class='ocr_par' dir='ltr' id='par_1_2' title="bbox 62 292 1168 3296">
     <span class='ocr_line' id='line_1_2' title="bbox 103 292 1116 375; baseline 0 -21"><span class='ocrx_word' id='word_1_2' title='bbox 103 298 234 375; x_wconf 91' lang='lat' dir='ltr'>positum</span> <span class='ocrx_word' id='word_1_3' title='bbox 267 311 384 354; x_wconf 82' lang='lat' dir='ltr'>necnon</span> <span class='ocrx_word' id='word_1_4' title='bbox 417 303 446 355; x_wconf 92' lang='lat' dir='ltr'>et</span> <span class='ocrx_word' id='word_1_5' title='bbox 480 294 606 355; x_wconf 88' lang='lat' dir='ltr'>laterum</span> <span class='ocrx_word' id='word_1_6' title='bbox 637 293 733 353; x_wconf 95' lang='lat' dir='ltr'>dolori</span> <span class='ocrx_word' id='word_1_7' title='bbox 748 293 881 372; x_wconf 57' lang='lat' dir='ltr'>,prodest</span> <span class='ocrx_word' id='word_1_8' title='bbox 909 292 1046 353; x_wconf 90' lang='lat' dir='ltr'>similiter</span> <span class='ocrx_word' id='word_1_9' title='bbox 1073 296 1116 354; x_wconf 94' lang='lat' dir='ltr'>in·</span> 
     </span>
     <span class='ocr_line' id='line_1_3' title="bbox 103 381 1115 464; baseline -0.002 -20"><span class='ocrx_word' id='word_1_10' title='bbox 103 387 241 464; x_wconf 91' lang='lat' dir='ltr'>positum.</span> <span class='ocrx_word' id='word_1_11' title='bbox 289 382 439 462; x_wconf 81' lang='lat' dir='ltr'>Empyicis</span> <span class='ocrx_word' id='word_1_12' title='bbox 463 401 532 443; x_wconf 89' lang='lat' dir='ltr'>vero</span> <span class='ocrx_word' id='word_1_13' title='bbox 556 381 602 443; x_wconf 92' lang='lat' dir='ltr'>vel</span> <span class='ocrx_word' id='word_1_14' title='bbox 624 383 829 462; x_wconf 85' lang='lat' dir='ltr'>aemoptyicis,</span> <span class='ocrx_word' id='word_1_15' title='bbox 853 383 883 442; x_wconf 92' lang='lat' dir='ltr'>id</span> <span class='ocrx_word' id='word_1_16' title='bbox 907 389 953 441; x_wconf 91' lang='lat' dir='ltr'>est</span> <span class='ocrx_word' id='word_1_17' title='bbox 976 384 1028 460; x_wconf 87' lang='lat' dir='ltr'>qui</span> <span class='ocrx_word' id='word_1_18' title='bbox 1051 401 1115 442; x_wconf 92' lang='lat' dir='ltr'>san·</span> 
     </span>
     <span class='ocr_line' id='line_1_4' title="bbox 103 469 1117 552; baseline -0.002 -19"><span class='ocrx_word' id='word_1_19' title='bbox 103 475 223 552; x_wconf 89' lang='lat' dir='ltr'>guinem</span> <span class='ocrx_word' id='word_1_20' title='bbox 246 472 283 532; x_wconf 88' lang='lat' dir='ltr'>de</span> <span class='ocrx_word' id='word_1_21' title='bbox 307 471 472 532; x_wconf 91' lang='lat' dir='ltr'>visceribus</span> <span class='ocrx_word' id='word_1_22' title='bbox 495 490 549 550; x_wconf 90' lang='lat' dir='ltr'>per</span> <span class='ocrx_word' id='word_1_23' title='bbox 572 491 605 532; x_wconf 92' lang='lat' dir='ltr'>os</span> <span class='ocrx_word' id='word_1_24' title='bbox 630 473 766 552; x_wconf 89' lang='lat' dir='ltr'>eiectant,</span> <span class='ocrx_word' id='word_1_25' title='bbox 786 469 928 550; x_wconf 90' lang='lat' dir='ltr'>proderit,</span> <span class='ocrx_word' id='word_1_26' title='bbox 955 472 979 530; x_wconf 90' lang='lat' dir='ltr'>si</span> <span class='ocrx_word' id='word_1_27' title='bbox 1003 471 1117 531; x_wconf 89' lang='lat' dir='ltr'>thoraci</span> 
     </span>
     <span class='ocr_line' id='line_1_5' title="bbox 103 559 1117 640; baseline -0.004 -18"><span class='ocrx_word' id='word_1_28' title='bbox 103 562 259 622; x_wconf 91' lang='lat' dir='ltr'>inductum</span> <span class='ocrx_word' id='word_1_29' title='bbox 288 561 366 620; x_wconf 90' lang='lat' dir='ltr'>aluta</span> <span class='ocrx_word' id='word_1_30' title='bbox 397 563 565 640; x_wconf 88' lang='lat' dir='ltr'>inponatur.</span> <span class='ocrx_word' id='word_1_31' title='bbox 612 561 694 620; x_wconf 87' lang='lat' dir='ltr'>Facit</span> <span class='ocrx_word' id='word_1_32' title='bbox 729 567 758 620; x_wconf 91' lang='lat' dir='ltr'>et</span> <span class='ocrx_word' id='word_1_33' title='bbox 791 559 826 619; x_wconf 93' lang='lat' dir='ltr'>ad</span> <span class='ocrx_word' id='word_1_34' title='bbox 860 567 993 620; x_wconf 83' lang='lat' dir='ltr'><strong>reumata</strong></span> <span class='ocrx_word' id='word_1_35' title='bbox 1026 567 1056 619; x_wconf 90' lang='lat' dir='ltr'>et</span> <span class='ocrx_word' id='word_1_36' title='bbox 1081 559 1117 619; x_wconf 91' lang='lat' dir='ltr'>ad</span> 
     </span>
     <span class='ocr_line' id='line_1_6' title="bbox 77 649 1117 730; baseline -0.001 -22"><span class='ocrx_word' id='word_1_37' title='bbox 77 651 251 711; x_wconf 83' lang='lat' dir='ltr'>sarthritim</span> <span class='ocrx_word' id='word_1_38' title='bbox 280 667 334 728; x_wconf 92' lang='lat' dir='ltr'>pro</span> <span class='ocrx_word' id='word_1_39' title='bbox 362 649 535 727; x_wconf 80' lang='lat' dir='ltr'>malagmate</span> <span class='ocrx_word' id='word_1_40' title='bbox 561 649 742 730; x_wconf 89' lang='lat' dir='ltr'>adpositum,</span> <span class='ocrx_word' id='word_1_41' title='bbox 772 649 919 728; x_wconf 81' lang='lat' dir='ltr'>protrahit</span> <span class='ocrx_word' id='word_1_42' title='bbox 943 655 972 708; x_wconf 91' lang='lat' dir='ltr'>et</span> <span class='ocrx_word' id='word_1_43' title='bbox 996 649 1117 725; x_wconf 83' lang='lat' dir='ltr'>sagittas</span> 
     </span>
     <span class='ocr_line' id='line_1_7' title="bbox 105 737 1116 817; baseline -0.002 -19"><span class='ocrx_word' id='word_1_44' title='bbox 105 747 134 798; x_wconf 90' lang='lat' dir='ltr'>et</span> <span class='ocrx_word' id='word_1_45' title='bbox 153 739 241 799; x_wconf 89' lang='lat' dir='ltr'>sudes</span> <span class='ocrx_word' id='word_1_46' title='bbox 261 746 291 798; x_wconf 91' lang='lat' dir='ltr'>et</span> <span class='ocrx_word' id='word_1_47' title='bbox 310 740 335 798; x_wconf 96' lang='lat' dir='ltr'>si</span> <span class='ocrx_word' id='word_1_48' title='bbox 355 756 411 816; x_wconf 88' lang='lat' dir='ltr'>qua</span> <span class='ocrx_word' id='word_1_49' title='bbox 431 740 550 816; x_wconf 92' lang='lat' dir='ltr'>corpori</span> <span class='ocrx_word' id='word_1_50' title='bbox 569 737 761 817; x_wconf 78' lang='lat' dir='ltr'>inhaeserint,</span> <span class='ocrx_word' id='word_1_51' title='bbox 784 737 921 797; x_wconf 91' lang='lat' dir='ltr'>similiter</span> <span class='ocrx_word' id='word_1_52' title='bbox 941 737 1116 814; x_wconf 91' lang='lat' dir='ltr'>adpositum.</span> 
     </span>
     <span class='ocr_line' id='line_1_8' title="bbox 105 824 1115 905; baseline -0.002 -20"><span class='ocrx_word' id='word_1_53' title='bbox 105 826 148 885; x_wconf 79' lang='lat' dir='ltr'>hd</span> <span class='ocrx_word' id='word_1_54' title='bbox 171 826 234 886; x_wconf 90' lang='lat' dir='ltr'>loca</span> <span class='ocrx_word' id='word_1_55' title='bbox 257 844 326 886; x_wconf 90' lang='lat' dir='ltr'>vero</span> <span class='ocrx_word' id='word_1_56' title='bbox 350 826 496 905; x_wconf 88' lang='lat' dir='ltr'>pudenda,</span> <span class='ocrx_word' id='word_1_57' title='bbox 520 827 549 886; x_wconf 94' lang='lat' dir='ltr'>id</span> <span class='ocrx_word' id='word_1_58' title='bbox 574 826 678 886; x_wconf 91' lang='lat' dir='ltr'>estad</span> <span class='ocrx_word' id='word_1_59' title='bbox 701 844 809 905; x_wconf 89' lang='lat' dir='ltr'>penem</span> <span class='ocrx_word' id='word_1_60' title='bbox 833 828 894 886; x_wconf 91' lang='lat' dir='ltr'>sive</span> <span class='ocrx_word' id='word_1_61' title='bbox 914 825 949 885; x_wconf 93' lang='lat' dir='ltr'>ad</span> <span class='ocrx_word' id='word_1_62' title='bbox 971 824 1115 905; x_wconf 83' lang='lat' dir='ltr'><strong>podicem,</strong></span> 
     </span>
     <span class='ocr_line' id='line_1_9' title="bbox 106 913 1114 995; baseline -0.001 -21"><span class='ocrx_word' id='word_1_63' title='bbox 106 933 173 974; x_wconf 91' lang='lat' dir='ltr'>cum</span> <span class='ocrx_word' id='word_1_64' title='bbox 202 914 318 993; x_wconf 86' lang='lat' dir='ltr'>aliquod</span> <span class='ocrx_word' id='word_1_65' title='bbox 346 913 406 975; x_wconf 92' lang='lat' dir='ltr'>illic</span> <span class='ocrx_word' id='word_1_66' title='bbox 435 915 542 976; x_wconf 90' lang='lat' dir='ltr'>vulnus</span> <span class='ocrx_word' id='word_1_67' title='bbox 571 916 674 995; x_wconf 85' lang='lat' dir='ltr'>fuerit,</span> <span class='ocrx_word' id='word_1_68' title='bbox 705 914 835 976; x_wconf 91' lang='lat' dir='ltr'>solutum</span> <span class='ocrx_word' id='word_1_69' title='bbox 867 914 1114 974; x_wconf 89' lang='lat' dir='ltr'>medicamentum</span> 
     </span>
     <span class='ocr_line' id='line_1_10' title="bbox 105 1002 1116 1082; baseline 0 -20"><span class='ocrx_word' id='word_1_70' title='bbox 105 1021 172 1063; x_wconf 90' lang='lat' dir='ltr'>cera</span> <span class='ocrx_word' id='word_1_71' title='bbox 192 1012 221 1063; x_wconf 92' lang='lat' dir='ltr'>et</span> <span class='ocrx_word' id='word_1_72' title='bbox 240 1003 302 1062; x_wconf 93' lang='lat' dir='ltr'>oleo</span> <span class='ocrx_word' id='word_1_73' title='bbox 322 1005 449 1082; x_wconf 84' lang='lat' dir='ltr'>myrtino</span> <span class='ocrx_word' id='word_1_74' title='bbox 469 1003 643 1082; x_wconf 89' lang='lat' dir='ltr'>adponetur.</span> <span class='ocrx_word' id='word_1_75' title='bbox 675 1003 706 1063; x_wconf 92' lang='lat' dir='ltr'>Si</span> <span class='ocrx_word' id='word_1_76' title='bbox 722 1022 792 1064; x_wconf 89' lang='lat' dir='ltr'>vcro</span> <span class='ocrx_word' id='word_1_77' title='bbox 806 1002 1003 1063; x_wconf 82' lang='lat' dir='ltr'>muliebribus</span> <span class='ocrx_word' id='word_1_78' title='bbox 1018 1003 1116 1062; x_wconf 89' lang='lat' dir='ltr'>causis</span> 
     </span>
     <span class='ocr_line' id='line_1_11' title="bbox 65 1090 1116 1173; baseline 0 -23"><span class='ocrx_word' id='word_1_79' title='bbox 65 1092 194 1151; x_wconf 89' lang='lat' dir='ltr'>1oluerit</span> <span class='ocrx_word' id='word_1_80' title='bbox 223 1094 437 1173; x_wconf 89' lang='lat' dir='ltr'>necessarium,</span> <span class='ocrx_word' id='word_1_81' title='bbox 464 1091 493 1152; x_wconf 94' lang='lat' dir='ltr'>id</span> <span class='ocrx_word' id='word_1_82' title='bbox 523 1101 569 1153; x_wconf 90' lang='lat' dir='ltr'>est</span> <span class='ocrx_word' id='word_1_83' title='bbox 596 1095 622 1152; x_wconf 91' lang='lat' dir='ltr'>si</span> <span class='ocrx_word' id='word_1_84' title='bbox 651 1092 734 1153; x_wconf 88' lang='lat' dir='ltr'>vulva</span> <span class='ocrx_word' id='word_1_85' title='bbox 760 1091 892 1152; x_wconf 90' lang='lat' dir='ltr'>dolorem</span> <span class='ocrx_word' id='word_1_86' title='bbox 915 1090 961 1150; x_wconf 85' lang='lat' dir='ltr'>vel</span> <span class='ocrx_word' id='word_1_87' title='bbox 985 1092 1116 1151; x_wconf 88' lang='lat' dir='ltr'>carcino-</span> 
     </span>
     <span class='ocr_line' id='line_1_12' title="bbox 103 1168 1116 1260; baseline 0 -21"><span class='ocrx_word' id='word_1_88' title='bbox 103 1187 180 1240; x_wconf 89' lang='lat' dir='ltr'>mata</span> <span class='ocrx_word' id='word_1_89' title='bbox 204 1183 399 1259; x_wconf 77' lang='lat' dir='ltr'>contraxerit,</span> <span class='ocrx_word' id='word_1_90' title='bbox 427 1189 555 1260; x_wconf 90' lang='lat' dir='ltr'>ponetur</span> <span class='ocrx_word' id='word_1_91' title='bbox 579 1199 646 1242; x_wconf 90' lang='lat' dir='ltr'>cum</span> <span class='ocrx_word' id='word_1_92' title='bbox 670 1180 734 1241; x_wconf 91' lang='lat' dir='ltr'>oleo</span> <span class='ocrx_word' id='word_1_93' title='bbox 759 1183 904 1260; x_wconf 91' lang='lat' dir='ltr'>susinato,</span> <span class='ocrx_word' id='word_1_94' title='bbox 933 1181 973 1240; x_wconf 91' lang='lat' dir='ltr'>ita</span> <span class='ocrx_word' id='word_1_95' title='bbox 993 1168 1033 1239; x_wconf 78' lang='lat' dir='ltr'>⁴ut</span> <span class='ocrx_word' id='word_1_96' title='bbox 1057 1197 1116 1239; x_wconf 92' lang='lat' dir='ltr'>em·</span> 
     </span>
     <span class='ocr_line' id='line_1_13' title="bbox 103 1267 1115 1349; baseline 0 -21"><span class='ocrx_word' id='word_1_97' title='bbox 103 1268 248 1348; x_wconf 89' lang='lat' dir='ltr'>plastrum</span> <span class='ocrx_word' id='word_1_98' title='bbox 272 1276 374 1329; x_wconf 89' lang='lat' dir='ltr'>contra</span> <span class='ocrx_word' id='word_1_99' title='bbox 398 1267 481 1329; x_wconf 95' lang='lat' dir='ltr'>illum</span> <span class='ocrx_word' id='word_1_100' title='bbox 505 1269 612 1349; x_wconf 93' lang='lat' dir='ltr'>locum,</span> <span class='ocrx_word' id='word_1_101' title='bbox 636 1271 688 1348; x_wconf 88' lang='lat' dir='ltr'>qui</span> <span class='ocrx_word' id='word_1_102' title='bbox 705 1271 736 1328; x_wconf 92' lang='lat' dir='ltr'>in</span> <span class='ocrx_word' id='word_1_103' title='bbox 756 1287 844 1329; x_wconf 90' lang='lat' dir='ltr'>causa</span> <span class='ocrx_word' id='word_1_104' title='bbox 864 1277 917 1348; x_wconf 89' lang='lat' dir='ltr'>est,</span> <span class='ocrx_word' id='word_1_105' title='bbox 941 1268 1115 1347; x_wconf 90' lang='lat' dir='ltr'>adponatur.</span> 
     </span>
     <span class='ocr_line' id='line_1_14' title="bbox 104 1355 1168 1435; baseline -0.003 -18"><span class='ocrx_word' id='word_1_106' title='bbox 104 1357 147 1417; x_wconf 81' lang='lat' dir='ltr'>hd</span> <span class='ocrx_word' id='word_1_107' title='bbox 167 1356 365 1418; x_wconf 81' lang='lat' dir='ltr'>carbunculos</span> <span class='ocrx_word' id='word_1_108' title='bbox 384 1376 454 1418; x_wconf 90' lang='lat' dir='ltr'>sane</span> <span class='ocrx_word' id='word_1_109' title='bbox 474 1365 504 1418; x_wconf 88' lang='lat' dir='ltr'>et</span> <span class='ocrx_word' id='word_1_110' title='bbox 523 1358 678 1418; x_wconf 88' lang='lat' dir='ltr'>anthracas</span> <span class='ocrx_word' id='word_1_111' title='bbox 703 1366 733 1417; x_wconf 85' lang='lat' dir='ltr'>et</span> <span class='ocrx_word' id='word_1_112' title='bbox 756 1357 893 1417; x_wconf 83' lang='lat' dir='ltr'>escharas</span> <span class='ocrx_word' id='word_1_113' title='bbox 912 1355 1027 1435; x_wconf 88' lang='lat' dir='ltr'>aliaque</span> <span class='ocrx_word' id='word_1_114' title='bbox 1050 1375 1115 1417; x_wconf 90' lang='lat' dir='ltr'>reu·</span> <span class='ocrx_word' id='word_1_115' title='bbox 1135 1365 1168 1413; x_wconf 88' lang='grc'>21</span> 
     </span>
     <span class='ocr_line' id='line_1_15' title="bbox 104 1445 1115 1525; baseline 0.001 -21"><span class='ocrx_word' id='word_1_116' title='bbox 104 1447 270 1507; x_wconf 89' lang='lat' dir='ltr'>matizantia</span> <span class='ocrx_word' id='word_1_117' title='bbox 294 1445 340 1505; x_wconf 91' lang='lat' dir='ltr'>vel</span> <span class='ocrx_word' id='word_1_118' title='bbox 363 1446 399 1505; x_wconf 89' lang='lat' dir='ltr'>ad</span> <span class='ocrx_word' id='word_1_119' title='bbox 423 1453 552 1506; x_wconf 90' lang='lat' dir='ltr'>strumas</span> <span class='ocrx_word' id='word_1_120' title='bbox 574 1454 605 1506; x_wconf 90' lang='lat' dir='ltr'>et</span> <span class='ocrx_word' id='word_1_121' title='bbox 628 1453 806 1525; x_wconf 89' lang='lat' dir='ltr'>apostemata</span> <span class='ocrx_word' id='word_1_122' title='bbox 830 1445 1013 1505; x_wconf 81' lang='lat' dir='ltr'>medicamen</span> <span class='ocrx_word' id='word_1_123' title='bbox 1038 1445 1115 1505; x_wconf 91' lang='lat' dir='ltr'>solu·</span> 
     </span>
     <span class='ocr_line' id='line_1_16' title="bbox 62 1533 1116 1614; baseline 0.001 -21"><span class='ocrx_word' id='word_1_124' title='bbox 62 1545 166 1594; x_wconf 81' lang='lat' dir='ltr'>1stum</span> <span class='ocrx_word' id='word_1_125' title='bbox 194 1533 409 1613; x_wconf 91' lang='lat' dir='ltr'>aliquantulum</span> <span class='ocrx_word' id='word_1_126' title='bbox 438 1534 524 1594; x_wconf 89' lang='lat' dir='ltr'>melle</span> <span class='ocrx_word' id='word_1_127' title='bbox 552 1533 674 1595; x_wconf 90' lang='lat' dir='ltr'>debebis</span> <span class='ocrx_word' id='word_1_128' title='bbox 707 1535 864 1614; x_wconf 84' lang='lat' dir='ltr'>adponere.</span> <span class='ocrx_word' id='word_1_129' title='bbox 911 1533 984 1594; x_wconf 85' lang='lat' dir='ltr'>Cum</span> <span class='ocrx_word' id='word_1_130' title='bbox 1018 1543 1116 1594; x_wconf 92' lang='lat' dir='ltr'>autem</span> 
     </span>
     <span class='ocr_line' id='line_1_17' title="bbox 103 1623 1115 1703; baseline 0.001 -22"><span class='ocrx_word' id='word_1_131' title='bbox 103 1632 244 1702; x_wconf 83' lang='lat' dir='ltr'>purgatae</span> <span class='ocrx_word' id='word_1_132' title='bbox 274 1623 385 1683; x_wconf 87' lang='lat' dir='ltr'>luerint</span> <span class='ocrx_word' id='word_1_133' title='bbox 411 1623 535 1703; x_wconf 84' lang='lat' dir='ltr'>pusulae</span> <span class='ocrx_word' id='word_1_134' title='bbox 555 1624 601 1684; x_wconf 84' lang='lat' dir='ltr'>vel</span> <span class='ocrx_word' id='word_1_135' title='bbox 624 1623 815 1684; x_wconf 90' lang='lat' dir='ltr'>collectiones</span> <span class='ocrx_word' id='word_1_136' title='bbox 840 1632 870 1683; x_wconf 93' lang='lat' dir='ltr'>et</span> <span class='ocrx_word' id='word_1_137' title='bbox 892 1623 1028 1701; x_wconf 79' lang='lat' dir='ltr'>iulnera,</span> <span class='ocrx_word' id='word_1_138' title='bbox 1052 1630 1115 1682; x_wconf 91' lang='lat' dir='ltr'>tum</span> 
     </span>
     <span class='ocr_line' id='line_1_18' title="bbox 104 1710 1115 1791; baseline 0.001 -21"><span class='ocrx_word' id='word_1_139' title='bbox 104 1713 167 1771; x_wconf 89' lang='lat' dir='ltr'>sine</span> <span class='ocrx_word' id='word_1_140' title='bbox 196 1710 282 1771; x_wconf 92' lang='lat' dir='ltr'>melle</span> <span class='ocrx_word' id='word_1_141' title='bbox 316 1710 507 1790; x_wconf 86' lang='lat' dir='ltr'>emplastrum</span> <span class='ocrx_word' id='word_1_142' title='bbox 538 1731 605 1773; x_wconf 91' lang='lat' dir='ltr'>cum</span> <span class='ocrx_word' id='word_1_143' title='bbox 640 1731 715 1791; x_wconf 93' lang='lat' dir='ltr'>puro</span> <span class='ocrx_word' id='word_1_144' title='bbox 746 1712 941 1772; x_wconf 85' lang='lat' dir='ltr'>medicamine</span> <span class='ocrx_word' id='word_1_145' title='bbox 975 1711 1115 1789; x_wconf 90' lang='lat' dir='ltr'>adpones.</span> 
     </span>
     <span class='ocr_line' id='line_1_19' title="bbox 104 1797 1114 1878; baseline 0 -18"><span class='ocrx_word' id='word_1_146' title='bbox 104 1797 187 1860; x_wconf 87' lang='lat' dir='ltr'>Facit</span> <span class='ocrx_word' id='word_1_147' title='bbox 215 1808 244 1860; x_wconf 91' lang='lat' dir='ltr'>et</span> <span class='ocrx_word' id='word_1_148' title='bbox 272 1799 307 1859; x_wconf 94' lang='lat' dir='ltr'>ad</span> <span class='ocrx_word' id='word_1_149' title='bbox 337 1800 510 1861; x_wconf 81' lang='lat' dir='ltr'>furunculos</span> <span class='ocrx_word' id='word_1_150' title='bbox 534 1801 670 1861; x_wconf 90' lang='lat' dir='ltr'>similiter</span> <span class='ocrx_word' id='word_1_151' title='bbox 694 1803 807 1861; x_wconf 91' lang='lat' dir='ltr'>siccum</span> <span class='ocrx_word' id='word_1_152' title='bbox 830 1801 997 1878; x_wconf 89' lang='lat' dir='ltr'>adpositum</span> <span class='ocrx_word' id='word_1_153' title='bbox 1026 1801 1114 1860; x_wconf 89' lang='lat' dir='ltr'>etad</span> 
     </span>
     <span class='ocr_line' id='line_1_20' title="bbox 104 1887 1115 1970; baseline 0.001 -23"><span class='ocrx_word' id='word_1_154' title='bbox 104 1906 220 1948; x_wconf 88' lang='lat' dir='ltr'>omnem</span> <span class='ocrx_word' id='word_1_155' title='bbox 240 1887 377 1968; x_wconf 92' lang='lat' dir='ltr'>pusulam</span> <span class='ocrx_word' id='word_1_156' title='bbox 397 1897 426 1949; x_wconf 90' lang='lat' dir='ltr'>et</span> <span class='ocrx_word' id='word_1_157' title='bbox 444 1889 590 1949; x_wconf 91' lang='lat' dir='ltr'>maculam</span> <span class='ocrx_word' id='word_1_158' title='bbox 610 1890 783 1970; x_wconf 78' lang='lat' dir='ltr'>curandam,</span> <span class='ocrx_word' id='word_1_159' title='bbox 808 1891 920 1966; x_wconf 86' lang='lat' dir='ltr'>rumpit</span> <span class='ocrx_word' id='word_1_160' title='bbox 941 1891 1020 1948; x_wconf 87' lang='lat' dir='ltr'>enirn</span> <span class='ocrx_word' id='word_1_161' title='bbox 1041 1908 1115 1968; x_wconf 89' lang='lat' dir='ltr'>quae</span> 
     </span>
     <span class='ocr_line' id='line_1_21' title="bbox 64 1976 1116 2055; baseline 0.001 -20"><span class='ocrx_word' id='word_1_162' title='bbox 64 1997 90 2035; x_wconf 81' lang='lat' dir='ltr'>eo</span> <span class='ocrx_word' id='word_1_163' title='bbox 105 1984 244 2037; x_wconf 91' lang='lat' dir='ltr'>concreta</span> <span class='ocrx_word' id='word_1_164' title='bbox 268 1985 337 2037; x_wconf 93' lang='lat' dir='ltr'>sunt</span> <span class='ocrx_word' id='word_1_165' title='bbox 361 1984 391 2037; x_wconf 91' lang='lat' dir='ltr'>et</span> <span class='ocrx_word' id='word_1_166' title='bbox 414 1985 522 2055; x_wconf 89' lang='lat' dir='ltr'>purgat</span> <span class='ocrx_word' id='word_1_167' title='bbox 545 1985 574 2037; x_wconf 90' lang='lat' dir='ltr'>et</span> <span class='ocrx_word' id='word_1_168' title='bbox 599 1979 759 2039; x_wconf 88' lang='lat' dir='ltr'>cicatricat.</span> <span class='ocrx_word' id='word_1_169' title='bbox 797 1976 871 2037; x_wconf 84' lang='lat' dir='ltr'>Cum</span> <span class='ocrx_word' id='word_1_170' title='bbox 890 1984 988 2036; x_wconf 89' lang='lat' dir='ltr'>autem</span> <span class='ocrx_word' id='word_1_171' title='bbox 1008 1977 1116 2037; x_wconf 88' lang='lat' dir='ltr'>vulnus</span> 
     </span>
     <span class='ocr_line' id='line_1_22' title="bbox 104 2065 1116 2147; baseline 0.001 -23"><span class='ocrx_word' id='word_1_172' title='bbox 104 2074 162 2144; x_wconf 93' lang='lat' dir='ltr'>est,</span> <span class='ocrx_word' id='word_1_173' title='bbox 191 2065 227 2128; x_wconf 91' lang='lat' dir='ltr'>de</span> <span class='ocrx_word' id='word_1_174' title='bbox 256 2084 315 2144; x_wconf 90' lang='lat' dir='ltr'>quo</span> <span class='ocrx_word' id='word_1_175' title='bbox 343 2065 510 2126; x_wconf 92' lang='lat' dir='ltr'>inmodicus</span> <span class='ocrx_word' id='word_1_176' title='bbox 544 2067 664 2144; x_wconf 85' lang='lat' dir='ltr'>sanguis</span> <span class='ocrx_word' id='word_1_177' title='bbox 691 2067 836 2147; x_wconf 78' lang='lat' dir='ltr'>erumpit,</span> <span class='ocrx_word' id='word_1_178' title='bbox 865 2065 1031 2143; x_wconf 92' lang='lat' dir='ltr'>adpositum</span> <span class='ocrx_word' id='word_1_179' title='bbox 1060 2065 1116 2125; x_wconf 92' lang='lat' dir='ltr'>hoc</span> 
     </span>
     <span class='ocr_line' id='line_1_23' title="bbox 102 2152 1117 2232; baseline 0.001 -19"><span class='ocrx_word' id='word_1_180' title='bbox 102 2154 350 2215; x_wconf 88' lang='lat' dir='ltr'>medicamentum</span> <span class='ocrx_word' id='word_1_181' title='bbox 378 2154 447 2214; x_wconf 93' lang='lat' dir='ltr'>ilico</span> <span class='ocrx_word' id='word_1_182' title='bbox 476 2161 506 2215; x_wconf 94' lang='lat' dir='ltr'>et</span> <span class='ocrx_word' id='word_1_183' title='bbox 534 2156 705 2232; x_wconf 89' lang='lat' dir='ltr'>sanguinem</span> <span class='ocrx_word' id='word_1_184' title='bbox 735 2156 813 2214; x_wconf 91' lang='lat' dir='ltr'>sistit</span> <span class='ocrx_word' id='word_1_185' title='bbox 841 2161 871 2214; x_wconf 92' lang='lat' dir='ltr'>et</span> <span class='ocrx_word' id='word_1_186' title='bbox 900 2152 1007 2213; x_wconf 91' lang='lat' dir='ltr'>vulnus</span> <span class='ocrx_word' id='word_1_187' title='bbox 1032 2161 1117 2214; x_wconf 87' lang='lat' dir='ltr'>curat</span> 
     </span>
     <span class='ocr_line' id='line_1_24' title="bbox 103 2241 1168 2321; baseline -0.004 -19"><span class='ocrx_word' id='word_1_188' title='bbox 103 2252 133 2302; x_wconf 91' lang='lat' dir='ltr'>et</span> <span class='ocrx_word' id='word_1_189' title='bbox 156 2252 255 2303; x_wconf 89' lang='lat' dir='ltr'>cutem</span> <span class='ocrx_word' id='word_1_190' title='bbox 274 2245 452 2321; x_wconf 86' lang='lat' dir='ltr'>constringit</span> <span class='ocrx_word' id='word_1_191' title='bbox 471 2252 501 2304; x_wconf 90' lang='lat' dir='ltr'>et</span> <span class='ocrx_word' id='word_1_192' title='bbox 520 2244 689 2304; x_wconf 87' lang='lat' dir='ltr'>cicatricem</span> <span class='ocrx_word' id='word_1_193' title='bbox 710 2250 830 2304; x_wconf 89' lang='lat' dir='ltr'>tenuem</span> <span class='ocrx_word' id='word_1_194' title='bbox 850 2242 928 2303; x_wconf 85' lang='lat' dir='ltr'>facit.</span> <span class='ocrx_word' id='word_1_195' title='bbox 962 2241 1115 2302; x_wconf 86' lang='lat' dir='ltr'>Resolutio</span> <span class='ocrx_word' id='word_1_196' title='bbox 1134 2249 1168 2298; x_wconf 90' lang='grc'>22</span> 
     </span>
     <span class='ocr_line' id='line_1_25' title="bbox 103 2331 1116 2411; baseline 0.002 -21"><span class='ocrx_word' id='word_1_197' title='bbox 103 2339 201 2392; x_wconf 91' lang='lat' dir='ltr'>autem</span> <span class='ocrx_word' id='word_1_198' title='bbox 235 2331 281 2391; x_wconf 84' lang='lat' dir='ltr'>vel</span> <span class='ocrx_word' id='word_1_199' title='bbox 314 2334 478 2411; x_wconf 89' lang='lat' dir='ltr'>conpositio</span> <span class='ocrx_word' id='word_1_200' title='bbox 508 2332 675 2411; x_wconf 91' lang='lat' dir='ltr'>adponendi</span> <span class='ocrx_word' id='word_1_201' title='bbox 707 2331 880 2393; x_wconf 90' lang='lat' dir='ltr'>vulneribus</span> <span class='ocrx_word' id='word_1_202' title='bbox 913 2331 1116 2392; x_wconf 86' lang='lat' dir='ltr'>medicaminis</span> 
     </span>
     <span class='ocr_line' id='line_1_26' title="bbox 64 2419 1115 2483; baseline 0.002 -4"><span class='ocrx_word' id='word_1_203' title='bbox 64 2438 90 2480; x_wconf 62' lang='grc' dir='ltr'>κε</span> <span class='ocrx_word' id='word_1_204' title='bbox 105 2419 171 2480; x_wconf 87' lang='lat' dir='ltr'>talis</span> <span class='ocrx_word' id='word_1_205' title='bbox 196 2427 250 2480; x_wconf 89' lang='lat' dir='ltr'>est.</span> <span class='ocrx_word' id='word_1_206' title='bbox 274 2420 374 2480; x_wconf 86' lang='lat' dir='ltr'>blittes</span> <span class='ocrx_word' id='word_1_207' title='bbox 396 2420 486 2482; x_wconf 88' lang='lat' dir='ltr'>huius</span> <span class='ocrx_word' id='word_1_208' title='bbox 510 2421 712 2483; x_wconf 90' lang='lat' dir='ltr'>medicaminis</span> <span class='ocrx_word' id='word_1_209' title='bbox 739 2455 775 2464; x_wconf 95' lang='lat'>—</span> <span class='ocrx_word' id='word_1_210' title='bbox 794 2421 834 2481; x_wconf 97' lang='lat' dir='ltr'>lll</span> <span class='ocrx_word' id='word_1_211' title='bbox 853 2430 882 2482; x_wconf 91' lang='lat' dir='ltr'>et</span> <span class='ocrx_word' id='word_1_212' title='bbox 901 2421 1010 2481; x_wconf 89' lang='lat' dir='ltr'>adicies</span> <span class='ocrx_word' id='word_1_213' title='bbox 1030 2439 1115 2482; x_wconf 90' lang='lat' dir='ltr'>cerae</span> 
     </span>
     <span class='ocr_line' id='line_1_27' title="bbox 103 2508 1115 2592; baseline 0.003 -25"><span class='ocrx_word' id='word_1_214' title='bbox 103 2541 144 2551; x_wconf 91' lang='lat'><em>-</em></span> <span class='ocrx_word' id='word_1_215' title='bbox 165 2508 185 2589; x_wconf 94' lang='lat' dir='ltr'>l,</span> <span class='ocrx_word' id='word_1_216' title='bbox 206 2508 263 2569; x_wconf 91' lang='lat' dir='ltr'>olei</span> <span class='ocrx_word' id='word_1_217' title='bbox 281 2511 390 2569; x_wconf 84' lang='lat' dir='ltr'>veteris</span> <span class='ocrx_word' id='word_1_218' title='bbox 405 2544 448 2554; x_wconf 92' lang='lat'>-</span> <span class='ocrx_word' id='word_1_219' title='bbox 463 2509 513 2591; x_wconf 73' lang='lat' dir='ltr'>Vl,</span> <span class='ocrx_word' id='word_1_220' title='bbox 536 2510 584 2571; x_wconf 92' lang='lat' dir='ltr'>his</span> <span class='ocrx_word' id='word_1_221' title='bbox 604 2529 682 2592; x_wconf 90' lang='lat' dir='ltr'>vero,</span> <span class='ocrx_word' id='word_1_222' title='bbox 701 2513 753 2589; x_wconf 88' lang='lat' dir='ltr'>qui</span> <span class='ocrx_word' id='word_1_223' title='bbox 772 2510 881 2571; x_wconf 89' lang='lat' dir='ltr'>habent</span> <span class='ocrx_word' id='word_1_224' title='bbox 899 2519 950 2571; x_wconf 92' lang='lat' dir='ltr'>aut</span> <span class='ocrx_word' id='word_1_225' title='bbox 968 2512 999 2570; x_wconf 93' lang='lat' dir='ltr'>in</span> <span class='ocrx_word' id='word_1_226' title='bbox 1019 2513 1115 2589; x_wconf 91' lang='lat' dir='ltr'>capite</span> 
     </span>
     <span class='ocr_line' id='line_1_28' title="bbox 103 2598 1115 2678; baseline 0.002 -22"><span class='ocrx_word' id='word_1_227' title='bbox 103 2604 154 2658; x_wconf 93' lang='lat' dir='ltr'>aut</span> <span class='ocrx_word' id='word_1_228' title='bbox 176 2600 206 2657; x_wconf 94' lang='lat' dir='ltr'>in</span> <span class='ocrx_word' id='word_1_229' title='bbox 231 2598 353 2658; x_wconf 92' lang='lat' dir='ltr'>auribus</span> <span class='ocrx_word' id='word_1_230' title='bbox 376 2608 427 2660; x_wconf 92' lang='lat' dir='ltr'>aut</span> <span class='ocrx_word' id='word_1_231' title='bbox 450 2601 481 2659; x_wconf 92' lang='lat' dir='ltr'>in</span> <span class='ocrx_word' id='word_1_232' title='bbox 501 2599 623 2661; x_wconf 91' lang='lat' dir='ltr'>naribus</span> <span class='ocrx_word' id='word_1_233' title='bbox 642 2618 745 2661; x_wconf 89' lang='lat' dir='ltr'>causas</span> <span class='ocrx_word' id='word_1_234' title='bbox 765 2607 794 2660; x_wconf 89' lang='lat' dir='ltr'>et</span> <span class='ocrx_word' id='word_1_235' title='bbox 814 2599 943 2678; x_wconf 86' lang='lat' dir='ltr'>vulnera,</span> <span class='ocrx_word' id='word_1_236' title='bbox 967 2599 1115 2677; x_wconf 91' lang='lat' dir='ltr'>adponen-</span> 
     </span>
     <span class='ocr_line' id='line_1_29' title="bbox 103 2685 1115 2768; baseline 0.001 -23"><span class='ocrx_word' id='word_1_237' title='bbox 103 2685 172 2746; x_wconf 92' lang='lat' dir='ltr'>dum</span> <span class='ocrx_word' id='word_1_238' title='bbox 201 2689 244 2747; x_wconf 94' lang='lat' dir='ltr'>sic</span> <span class='ocrx_word' id='word_1_239' title='bbox 272 2686 403 2747; x_wconf 87' lang='lat' dir='ltr'>resolves</span> <span class='ocrx_word' id='word_1_240' title='bbox 430 2688 613 2750; x_wconf 87' lang='lat' dir='ltr'>medicamen</span> <span class='ocrx_word' id='word_1_241' title='bbox 644 2692 708 2749; x_wconf 91' lang='lat' dir='ltr'>sine</span> <span class='ocrx_word' id='word_1_242' title='bbox 736 2707 817 2768; x_wconf 90' lang='lat' dir='ltr'>cera,</span> <span class='ocrx_word' id='word_1_243' title='bbox 846 2687 942 2748; x_wconf 91' lang='lat' dir='ltr'>oleum</span> <span class='ocrx_word' id='word_1_244' title='bbox 968 2705 1037 2748; x_wconf 91' lang='lat' dir='ltr'>sane</span> <span class='ocrx_word' id='word_1_245' title='bbox 1062 2705 1115 2766; x_wconf 92' lang='lat' dir='ltr'>pro</span> 
     </span>
     <span class='ocr_line' id='line_1_30' title="bbox 103 2775 1115 2856; baseline 0 -22"><span class='ocrx_word' id='word_1_246' title='bbox 103 2782 245 2856; x_wconf 91' lang='lat' dir='ltr'>tempore,</span> <span class='ocrx_word' id='word_1_247' title='bbox 269 2775 299 2835; x_wconf 94' lang='lat' dir='ltr'>id</span> <span class='ocrx_word' id='word_1_248' title='bbox 323 2785 368 2836; x_wconf 90' lang='lat' dir='ltr'>est</span> <span class='ocrx_word' id='word_1_249' title='bbox 392 2777 418 2836; x_wconf 93' lang='lat' dir='ltr'>si</span> <span class='ocrx_word' id='word_1_250' title='bbox 441 2785 538 2837; x_wconf 88' lang='lat' dir='ltr'>aestas</span> <span class='ocrx_word' id='word_1_251' title='bbox 559 2778 658 2856; x_wconf 86' lang='lat' dir='ltr'>luerit,</span> <span class='ocrx_word' id='word_1_252' title='bbox 681 2779 780 2837; x_wconf 91' lang='lat' dir='ltr'>minus</span> <span class='ocrx_word' id='word_1_253' title='bbox 800 2777 923 2836; x_wconf 91' lang='lat' dir='ltr'>adicies:</span> <span class='ocrx_word' id='word_1_254' title='bbox 948 2777 973 2834; x_wconf 94' lang='lat' dir='ltr'>si</span> <span class='ocrx_word' id='word_1_255' title='bbox 991 2775 1115 2854; x_wconf 88' lang='lat' dir='ltr'>hiemps,</span> 
     </span>
     <span class='ocr_line' id='line_1_31' title="bbox 62 2863 1116 2942; baseline 0 -19"><span class='ocrx_word' id='word_1_256' title='bbox 62 2863 228 2942; x_wconf 83' lang='lat' dir='ltr'>coamplius</span> <span class='ocrx_word' id='word_1_257' title='bbox 257 2863 406 2925; x_wconf 81' lang='lat' dir='ltr'>infundes.</span> <span class='ocrx_word' id='word_1_258' title='bbox 451 2863 535 2923; x_wconf 90' lang='lat' dir='ltr'>Facit</span> <span class='ocrx_word' id='word_1_259' title='bbox 563 2875 593 2923; x_wconf 86' lang='lat' dir='ltr'>et</span> <span class='ocrx_word' id='word_1_260' title='bbox 620 2865 655 2923; x_wconf 90' lang='lat' dir='ltr'>ad</span> <span class='ocrx_word' id='word_1_261' title='bbox 683 2882 802 2923; x_wconf 90' lang='lat' dir='ltr'>morsus</span> <span class='ocrx_word' id='word_1_262' title='bbox 830 2863 959 2921; x_wconf 87' lang='lat' dir='ltr'>hominis</span> <span class='ocrx_word' id='word_1_263' title='bbox 982 2871 1012 2922; x_wconf 87' lang='lat' dir='ltr'>et</span> <span class='ocrx_word' id='word_1_264' title='bbox 1035 2865 1116 2923; x_wconf 92' lang='lat' dir='ltr'>canis</span> 
     </span>
     <span class='ocr_line' id='line_1_32' title="bbox 103 2949 1116 3030; baseline -0.003 -18"><span class='ocrx_word' id='word_1_265' title='bbox 103 2951 205 3013; x_wconf 90' lang='lat' dir='ltr'>rabidi.</span> <span class='ocrx_word' id='word_1_266' title='bbox 252 2952 417 3012; x_wconf 91' lang='lat' dir='ltr'>Nervorum</span> <span class='ocrx_word' id='word_1_267' title='bbox 445 2969 564 3030; x_wconf 80' lang='lat' dir='ltr'>qrroque</span> <span class='ocrx_word' id='word_1_268' title='bbox 595 2953 754 3010; x_wconf 90' lang='lat' dir='ltr'>incisiones</span> <span class='ocrx_word' id='word_1_269' title='bbox 778 2949 824 3008; x_wconf 90' lang='lat' dir='ltr'>vel</span> <span class='ocrx_word' id='word_1_270' title='bbox 848 2949 1015 3008; x_wconf 90' lang='lat' dir='ltr'>collisiones</span> <span class='ocrx_word' id='word_1_271' title='bbox 1039 2950 1116 3009; x_wconf 90' lang='lat' dir='ltr'>salu·</span> 
     </span>
     <span class='ocr_line' id='line_1_33' title="bbox 103 3035 1115 3122; baseline -0.004 -21"><span class='ocrx_word' id='word_1_272' title='bbox 103 3039 197 3101; x_wconf 91' lang='lat' dir='ltr'>briter</span> <span class='ocrx_word' id='word_1_273' title='bbox 220 3048 319 3122; x_wconf 80' lang='lat' dir='ltr'>curat3</span> <span class='ocrx_word' id='word_1_274' title='bbox 348 3039 457 3119; x_wconf 90' lang='lat' dir='ltr'>quibus</span> <span class='ocrx_word' id='word_1_275' title='bbox 484 3057 552 3100; x_wconf 93' lang='lat' dir='ltr'>cum</span> <span class='ocrx_word' id='word_1_276' title='bbox 577 3037 755 3100; x_wconf 91' lang='lat' dir='ltr'>medendum</span> <span class='ocrx_word' id='word_1_277' title='bbox 777 3037 881 3116; x_wconf 90' lang='lat' dir='ltr'>luerit,</span> <span class='ocrx_word' id='word_1_278' title='bbox 905 3035 995 3095; x_wconf 88' lang='lat' dir='ltr'>addes</span> <span class='ocrx_word' id='word_1_279' title='bbox 1019 3036 1115 3097; x_wconf 90' lang='lat' dir='ltr'>oleum</span> 
     </span>
     <span class='ocr_line' id='line_1_34' title="bbox 102 3123 1115 3190; baseline -0.003 -2"><span class='ocrx_word' id='word_1_280' title='bbox 102 3147 257 3190; x_wconf 90' lang='lat' dir='ltr'>rosaceum</span> <span class='ocrx_word' id='word_1_281' title='bbox 286 3148 354 3190; x_wconf 91' lang='lat' dir='ltr'>cum</span> <span class='ocrx_word' id='word_1_282' title='bbox 382 3128 499 3190; x_wconf 90' lang='lat' dir='ltr'>modico</span> <span class='ocrx_word' id='word_1_283' title='bbox 527 3137 611 3190; x_wconf 90' lang='lat' dir='ltr'>aceto</span> <span class='ocrx_word' id='word_1_284' title='bbox 639 3127 722 3188; x_wconf 89' lang='lat' dir='ltr'>lanae</span> <span class='ocrx_word' id='word_1_285' title='bbox 746 3124 866 3186; x_wconf 90' lang='lat' dir='ltr'>sucidae</span> <span class='ocrx_word' id='word_1_286' title='bbox 889 3123 996 3184; x_wconf 87' lang='lat' dir='ltr'>inluso.</span> <span class='ocrx_word' id='word_1_287' title='bbox 1043 3124 1115 3185; x_wconf 82' lang='lat' dir='ltr'>Cum</span> 
     </span>
     <span class='ocr_line' id='line_1_35' title="bbox 103 3208 1159 3296; baseline -0.005 -19"><span class='ocrx_word' id='word_1_288' title='bbox 103 3225 200 3278; x_wconf 91' lang='lat' dir='ltr'>autem</span> <span class='ocrx_word' id='word_1_289' title='bbox 234 3218 409 3296; x_wconf 87' lang='lat' dir='ltr'>adposueris</span> <span class='ocrx_word' id='word_1_290' title='bbox 442 3218 489 3279; x_wconf 90' lang='lat' dir='ltr'>his</span> <span class='ocrx_word' id='word_1_291' title='bbox 522 3219 620 3280; x_wconf 93' lang='lat' dir='ltr'>causis</span> <span class='ocrx_word' id='word_1_292' title='bbox 657 3217 713 3277; x_wconf 91' lang='lat' dir='ltr'>hoc</span> <span class='ocrx_word' id='word_1_293' title='bbox 746 3213 1011 3293; x_wconf 87' lang='lat' dir='ltr'>medicamentum,</span> <span class='ocrx_word' id='word_1_294' title='bbox 1049 3221 1117 3291; x_wconf 90' lang='lat' dir='ltr'>post</span> <span class='ocrx_word' id='word_1_295' title='bbox 1156 3208 1159 3213; x_wconf 74' lang='grc'><strong><em>’</em></strong></span> 
     </span>
    </p>
   </div>
   <div class='ocr_carea' id='block_1_3' title="bbox 102 3348 1132 3553">
    <p class='ocr_par' dir='ltr' id='par_1_3' title="bbox 102 3348 1132 3553">
     <span class='ocr_line' id='line_1_36' title="bbox 173 3348 1115 3423; baseline -0.003 -16"><span class='ocrx_word' id='word_1_296' title='bbox 173 3359 189 3407; x_wconf 88' lang='grc'><strong>2</strong></span> <span class='ocrx_word' id='word_1_297' title='bbox 217 3353 410 3423; x_wconf 84' lang='lat' dir='ltr'>cemoptoicis.</span> <span class='ocrx_word' id='word_1_298' title='bbox 518 3359 536 3407; x_wconf 82' lang='lat'>4</span> <span class='ocrx_word' id='word_1_299' title='bbox 563 3353 735 3407; x_wconf 83' lang='lat' dir='ltr'>ihreumcte:</span> <span class='ocrx_word' id='word_1_300' title='bbox 748 3355 751 3364; x_wconf 92' lang='lat'>&#39;</span> <span class='ocrx_word' id='word_1_301' title='bbox 764 3350 928 3406; x_wconf 80' lang='lat' dir='ltr'>thraumata</span> <span class='ocrx_word' id='word_1_302' title='bbox 956 3348 1115 3404; x_wconf 74' lang='lat' dir='ltr'>Carnarius.</span> 
     </span>
     <span class='ocr_line' id='line_1_37' title="bbox 102 3421 1132 3488; baseline -0.007 -11"><span class='ocrx_word' id='word_1_303' title='bbox 102 3423 297 3480; x_wconf 76' lang='lat' dir='ltr'>bercthrisim.</span> <span class='ocrx_word' id='word_1_304' title='bbox 345 3425 516 3480; x_wconf 72' lang='lat' dir='ltr'>laescharas</span> <span class='ocrx_word' id='word_1_305' title='bbox 539 3423 698 3479; x_wconf 79' lang='lat' dir='ltr'>coheredes.</span> <span class='ocrx_word' id='word_1_306' title='bbox 746 3428 778 3478; x_wconf 82' lang='grc'>19</span> <span class='ocrx_word' id='word_1_307' title='bbox 793 3422 908 3478; x_wconf 79' lang='lat' dir='ltr'>malam.</span> <span class='ocrx_word' id='word_1_308' title='bbox 952 3421 1132 3488; x_wconf 62' lang='lat' dir='ltr'>hhhiempe.</span> 
     </span>
     <span class='ocr_line' id='line_1_38' title="bbox 102 3493 720 3553; baseline 0.008 -5"><span class='ocrx_word' id='word_1_309' title='bbox 102 3499 137 3548; x_wconf 79' lang='lat'>30</span> <span class='ocrx_word' id='word_1_310' title='bbox 156 3493 295 3551; x_wconf 82' lang='lat' dir='ltr'>infundes.</span> <span class='ocrx_word' id='word_1_311' title='bbox 370 3500 402 3549; x_wconf 85' lang='lat'>31</span> <span class='ocrx_word' id='word_1_312' title='bbox 423 3495 468 3550; x_wconf 84' lang='lat' dir='ltr'>rel</span> <span class='ocrx_word' id='word_1_313' title='bbox 487 3511 520 3550; x_wconf 92' lang='lat' dir='ltr'>co</span> <span class='ocrx_word' id='word_1_314' title='bbox 533 3493 649 3552; x_wconf 84' lang='lat' dir='ltr'>lisiones</span> <span class='ocrx_word' id='word_1_315' title='bbox 668 3512 720 3553; x_wconf 82' lang='lat' dir='ltr'>om.</span> 
     </span>
    </p>
   </div>
   <div class='ocr_carea' id='block_1_4' title="bbox 0 0 1224 3802">
    <p class='ocr_par' dir='ltr' id='par_1_4' title="bbox 0 0 1224 3802">
     <span class='ocr_line' id='line_1_39' title="bbox 0 0 1224 3802; baseline 0 0"><span class='ocrx_word' id='word_1_316' title='bbox 0 0 1224 3802; x_wconf 95' lang='lat' dir='ltr'> </span> 
     </span>
    </p>
   </div>
  </div>
 </body>
</html>
