<?xml version="1.0" encoding="UTF-8"?>
<!DOCTYPE html PUBLIC "-//W3C//DTD XHTML 1.0 Transitional//EN"
    "http://www.w3.org/TR/xhtml1/DTD/xhtml1-transitional.dtd">
<html xmlns="http://www.w3.org/1999/xhtml" xml:lang="en" lang="en">
 <head>
  <title>
</title>
<meta http-equiv="Content-Type" content="text/html;charset=utf-8" />
  <meta name='ocr-system' content='tesseract 3.04.00' />
  <meta name='ocr-capabilities' content='ocr_page ocr_carea ocr_par ocr_line ocrx_word'/>
</head>
<body>
  <div class='ocr_page' id='page_1' title='image "./marcellidemedic01helmgoog_0365.png"; bbox 0 0 2438 3802; ppageno 0'>
   <div class='ocr_carea' id='block_1_1' title="bbox 510 147 748 211">
    <p class='ocr_par' dir='ltr' id='par_1_1' title="bbox 510 147 748 211">
     <span class='ocr_line' id='line_1_1' title="bbox 510 147 748 211; baseline 0.008 -1"><span class='ocrx_word' id='word_1_1' title='bbox 510 185 547 194; x_wconf 88' lang='lat'><em>-</em></span> <span class='ocrx_word' id='word_1_2' title='bbox 596 147 748 211; x_wconf 80' lang='lat'><strong>364-</strong></span> 
     </span>
    </p>
   </div>
   <div class='ocr_carea' id='block_1_2' title="bbox 123 310 1140 565">
    <p class='ocr_par' dir='ltr' id='par_1_2' title="bbox 123 310 1140 565">
     <span class='ocr_line' id='line_1_2' title="bbox 123 310 1139 392; baseline 0.002 -22"><span class='ocrx_word' id='word_1_3' title='bbox 123 311 164 370; x_wconf 91' lang='lat' dir='ltr'><strong>ita</strong></span> <span class='ocrx_word' id='word_1_4' title='bbox 192 327 279 369; x_wconf 90' lang='lat' dir='ltr'><strong>omne</strong></span> <span class='ocrx_word' id='word_1_5' title='bbox 308 311 407 370; x_wconf 88' lang='lat' dir='ltr'><strong>vinum</strong></span> <span class='ocrx_word' id='word_1_6' title='bbox 435 318 630 389; x_wconf 75' lang='lat' dir='ltr'><strong>excoquatur,</strong></span> <span class='ocrx_word' id='word_1_7' title='bbox 657 319 692 369; x_wconf 91' lang='lat' dir='ltr'><strong>nt</strong></span> <span class='ocrx_word' id='word_1_8' title='bbox 719 310 767 367; x_wconf 86' lang='lat' dir='ltr'><strong>rix</strong></span> <span class='ocrx_word' id='word_1_9' title='bbox 795 310 941 368; x_wconf 90' lang='lat' dir='ltr'><strong>sextarius</strong></span> <span class='ocrx_word' id='word_1_10' title='bbox 970 319 1139 392; x_wconf 86' lang='lat' dir='ltr'><strong>remaneat;</strong></span> 
     </span>
     <span class='ocr_line' id='line_1_3' title="bbox 123 396 1140 478; baseline 0.002 -20"><span class='ocrx_word' id='word_1_11' title='bbox 123 407 226 477; x_wconf 90' lang='lat' dir='ltr'><strong>postca</strong></span> <span class='ocrx_word' id='word_1_12' title='bbox 249 398 358 459; x_wconf 81' lang='lat' dir='ltr'>adicies</span> <span class='ocrx_word' id='word_1_13' title='bbox 381 416 467 458; x_wconf 90' lang='lat' dir='ltr'><strong>cerac</strong></span> <span class='ocrx_word' id='word_1_14' title='bbox 491 399 574 459; x_wconf 91' lang='lat' dir='ltr'><strong>rulae</strong></span> <span class='ocrx_word' id='word_1_15' title='bbox 600 396 696 456; x_wconf 91' lang='lat' dir='ltr'><strong>—Vl</strong></span> <span class='ocrx_word' id='word_1_16' title='bbox 724 405 754 457; x_wconf 91' lang='lat' dir='ltr'><strong>et</strong></span> <span class='ocrx_word' id='word_1_17' title='bbox 777 396 848 456; x_wconf 92' lang='lat' dir='ltr'><strong>dum</strong></span> <span class='ocrx_word' id='word_1_18' title='bbox 871 397 980 478; x_wconf 81' lang='lat' dir='ltr'><strong>fervet,</strong></span> <span class='ocrx_word' id='word_1_19' title='bbox 1008 401 1140 478; x_wconf 89' lang='lat' dir='ltr'><strong>coagita-</strong></span> 
     </span>
     <span class='ocr_line' id='line_1_4' title="bbox 124 483 1139 565; baseline 0 -18"><span class='ocrx_word' id='word_1_20' title='bbox 124 487 170 547; x_wconf 89' lang='lat' dir='ltr'><strong>bis</strong></span> <span class='ocrx_word' id='word_1_21' title='bbox 194 494 223 547; x_wconf 91' lang='lat' dir='ltr'><strong>ct</strong></span> <span class='ocrx_word' id='word_1_22' title='bbox 247 486 395 548; x_wconf 89' lang='lat' dir='ltr'><strong>sublatum</strong></span> <span class='ocrx_word' id='word_1_23' title='bbox 416 486 453 546; x_wconf 91' lang='lat' dir='ltr'><strong>de</strong></span> <span class='ocrx_word' id='word_1_24' title='bbox 472 487 537 546; x_wconf 88' lang='lat' dir='ltr'><strong>loco</strong></span> <span class='ocrx_word' id='word_1_25' title='bbox 557 485 739 546; x_wconf 81' lang='lat' dir='ltr'><strong>medicamen</strong></span> <span class='ocrx_word' id='word_1_26' title='bbox 758 483 933 565; x_wconf 86' lang='lat' dir='ltr'><strong>diutissime,</strong></span> <span class='ocrx_word' id='word_1_27' title='bbox 956 485 1031 546; x_wconf 90' lang='lat' dir='ltr'><strong>dum</strong></span> <span class='ocrx_word' id='word_1_28' title='bbox 1052 488 1139 547; x_wconf 85' lang='lat' dir='ltr'><strong>refri-</strong></span> 
     </span>
    </p>
   </div>
   <div class='ocr_carea' id='block_1_3' title="bbox 70 573 1169 2325">
    <p class='ocr_par' dir='ltr' id='par_1_3' title="bbox 123 573 1169 1180">
     <span class='ocr_line' id='line_1_5' title="bbox 124 573 1138 654; baseline 0.001 -19"><span class='ocrx_word' id='word_1_29' title='bbox 124 583 254 654; x_wconf 81' lang='lat' dir='ltr'><strong>geretur,</strong></span> <span class='ocrx_word' id='word_1_30' title='bbox 278 574 400 654; x_wconf 81' lang='lat' dir='ltr'><strong>agitabis</strong></span> <span class='ocrx_word' id='word_1_31' title='bbox 424 581 454 634; x_wconf 92' lang='lat' dir='ltr'><strong>et</strong></span> <span class='ocrx_word' id='word_1_32' title='bbox 477 593 545 634; x_wconf 92' lang='lat' dir='ltr'><strong>cum</strong></span> <span class='ocrx_word' id='word_1_33' title='bbox 569 591 663 633; x_wconf 90' lang='lat' dir='ltr'><strong>unum</strong></span> <span class='ocrx_word' id='word_1_34' title='bbox 681 590 790 650; x_wconf 91' lang='lat' dir='ltr'><strong>corpus</strong></span> <span class='ocrx_word' id='word_1_35' title='bbox 809 575 873 633; x_wconf 89' lang='lat' dir='ltr'><strong>eius</strong></span> <span class='ocrx_word' id='word_1_36' title='bbox 891 573 1010 649; x_wconf 89' lang='lat' dir='ltr'><strong>feceris,</strong></span> <span class='ocrx_word' id='word_1_37' title='bbox 1035 576 1070 635; x_wconf 92' lang='lat' dir='ltr'><strong>in</strong></span> <span class='ocrx_word' id='word_1_38' title='bbox 1089 576 1138 636; x_wconf 95' lang='lat' dir='ltr'><strong>do-</strong></span> 
     </span>
     <span class='ocr_line' id='line_1_6' title="bbox 123 661 1160 740; baseline -0.002 -16"><span class='ocrx_word' id='word_1_39' title='bbox 123 663 224 724; x_wconf 91' lang='lat' dir='ltr'><strong>liolum</strong></span> <span class='ocrx_word' id='word_1_40' title='bbox 252 665 379 723; x_wconf 91' lang='lat' dir='ltr'><strong>vitreum</strong></span> <span class='ocrx_word' id='word_1_41' title='bbox 412 670 463 721; x_wconf 91' lang='lat' dir='ltr'><strong>aut</strong></span> <span class='ocrx_word' id='word_1_42' title='bbox 489 661 627 740; x_wconf 81' lang='lat' dir='ltr'><strong>pyxidem</strong></span> <span class='ocrx_word' id='word_1_43' title='bbox 656 668 806 739; x_wconf 85' lang='lat' dir='ltr'><strong>stagneam</strong></span> <span class='ocrx_word' id='word_1_44' title='bbox 834 661 978 722; x_wconf 85' lang='lat' dir='ltr'><strong>recondes</strong></span> <span class='ocrx_word' id='word_1_45' title='bbox 1007 670 1040 722; x_wconf 88' lang='lat' dir='ltr'><strong>ct</strong></span> <span class='ocrx_word' id='word_1_46' title='bbox 1069 681 1160 724; x_wconf 84' lang='lat' dir='ltr'><strong>cuma</strong></span> 
     </span>
     <span class='ocr_line' id='line_1_7' title="bbox 124 748 1137 836; baseline 0.001 -25"><span class='ocrx_word' id='word_1_47' title='bbox 124 768 198 830; x_wconf 94' lang='lat' dir='ltr'><strong>opus</strong></span> <span class='ocrx_word' id='word_1_48' title='bbox 222 750 324 836; x_wconf 89' lang='lat' dir='ltr'><strong>luerit,</strong></span> <span class='ocrx_word' id='word_1_49' title='bbox 351 767 455 827; x_wconf 91' lang='lat' dir='ltr'><strong>parum</strong></span> <span class='ocrx_word' id='word_1_50' title='bbox 479 749 682 811; x_wconf 89' lang='lat' dir='ltr'><strong>medicaminis</strong></span> <span class='ocrx_word' id='word_1_51' title='bbox 705 748 786 830; x_wconf 92' lang='lat' dir='ltr'><strong>loco,</strong></span> <span class='ocrx_word' id='word_1_52' title='bbox 810 751 861 828; x_wconf 89' lang='lat' dir='ltr'><strong>qui</strong></span> <span class='ocrx_word' id='word_1_53' title='bbox 888 749 1042 811; x_wconf 90' lang='lat' dir='ltr'><strong>curandus</strong></span> <span class='ocrx_word' id='word_1_54' title='bbox 1072 754 1137 833; x_wconf 89' lang='lat' dir='ltr'><strong>crit,</strong></span> 
     </span>
     <span class='ocr_line' id='line_1_8' title="bbox 123 829 1138 921; baseline 0.002 -23"><span class='ocrx_word' id='word_1_55' title='bbox 123 841 267 915; x_wconf 89' lang='lat' dir='ltr'><strong>impones,</strong></span> <span class='ocrx_word' id='word_1_56' title='bbox 293 829 344 896; x_wconf 90' lang='lat' dir='ltr'><strong>sed</strong></span> <span class='ocrx_word' id='word_1_57' title='bbox 368 836 420 896; x_wconf 90' lang='lat' dir='ltr'><strong>din</strong></span> <span class='ocrx_word' id='word_1_58' title='bbox 438 837 614 915; x_wconf 86' lang='lat' dir='ltr'><strong>perlricabis</strong></span> <span class='ocrx_word' id='word_1_59' title='bbox 637 856 670 897; x_wconf 89' lang='lat' dir='ltr'><strong>ac</strong></span> <span class='ocrx_word' id='word_1_60' title='bbox 693 844 796 915; x_wconf 90' lang='lat' dir='ltr'><strong>postea</strong></span> <span class='ocrx_word' id='word_1_61' title='bbox 818 837 909 898; x_wconf 90' lang='lat' dir='ltr'><strong>linteo</strong></span> <span class='ocrx_word' id='word_1_62' title='bbox 932 837 1079 921; x_wconf 88' lang='lat' dir='ltr'><strong>involves,</strong></span> <span class='ocrx_word' id='word_1_63' title='bbox 1101 858 1138 900; x_wconf 90' lang='lat' dir='ltr'><strong>ne</strong></span> 
     </span>
     <span class='ocr_line' id='line_1_9' title="bbox 123 924 1136 1029; baseline 0.003 -44"><span class='ocrx_word' id='word_1_64' title='bbox 123 924 296 986; x_wconf 90' lang='lat' dir='ltr'><strong>indumenta</strong></span> <span class='ocrx_word' id='word_1_65' title='bbox 314 927 522 1005; x_wconf 80' lang='lat' dir='ltr'><strong>inquinentur3</strong></span> <span class='ocrx_word' id='word_1_66' title='bbox 541 925 620 1004; x_wconf 94' lang='lat' dir='ltr'><strong>quod</strong></span> <span class='ocrx_word' id='word_1_67' title='bbox 640 925 804 986; x_wconf 91' lang='lat' dir='ltr'><strong>remedium</strong></span> <span class='ocrx_word' id='word_1_68' title='bbox 823 934 891 1029; x_wconf 87' lang='lat' dir='ltr'><strong>post</strong></span> <span class='ocrx_word' id='word_1_69' title='bbox 909 925 1050 988; x_wconf 88' lang='lat' dir='ltr'><strong>balneum</strong></span> <span class='ocrx_word' id='word_1_70' title='bbox 1070 946 1136 989; x_wconf 92' lang='lat' dir='ltr'><strong>ner·</strong></span> 
     </span>
     <span class='ocr_line' id='line_1_10' title="bbox 123 1011 1138 1098; baseline 0.005 -26"><span class='ocrx_word' id='word_1_71' title='bbox 123 1014 167 1072; x_wconf 89' lang='lat' dir='ltr'><strong>vis</strong></span> <span class='ocrx_word' id='word_1_72' title='bbox 194 1011 332 1073; x_wconf 85' lang='lat' dir='ltr'><strong>relaxatis</strong></span> <span class='ocrx_word' id='word_1_73' title='bbox 359 1016 583 1074; x_wconf 88' lang='lat' dir='ltr'><strong>convenientius</strong></span> <span class='ocrx_word' id='word_1_74' title='bbox 610 1014 673 1094; x_wconf 81' lang='lat' dir='ltr'><strong>liet3</strong></span> <span class='ocrx_word' id='word_1_75' title='bbox 704 1014 756 1073; x_wconf 88' lang='lat' dir='ltr'><strong>scd</strong></span> <span class='ocrx_word' id='word_1_76' title='bbox 784 1016 834 1074; x_wconf 92' lang='lat' dir='ltr'><strong>cui</strong></span> <span class='ocrx_word' id='word_1_77' title='bbox 861 1013 1042 1076; x_wconf 90' lang='lat' dir='ltr'><strong>medendum</strong></span> <span class='ocrx_word' id='word_1_78' title='bbox 1073 1019 1138 1098; x_wconf 89' lang='lat' dir='ltr'><strong>crit,</strong></span> 
     </span>
     <span class='ocr_line' id='line_1_11' title="bbox 123 1100 1169 1180; baseline 0.001 -19"><span class='ocrx_word' id='word_1_79' title='bbox 123 1102 284 1179; x_wconf 87' lang='lat' dir='ltr'><strong>liquamine</strong></span> <span class='ocrx_word' id='word_1_80' title='bbox 307 1110 338 1161; x_wconf 92' lang='lat' dir='ltr'><strong>et</strong></span> <span class='ocrx_word' id='word_1_81' title='bbox 361 1104 483 1180; x_wconf 91' lang='lat' dir='ltr'><strong>porcina</strong></span> <span class='ocrx_word' id='word_1_82' title='bbox 506 1102 654 1162; x_wconf 89' lang='lat' dir='ltr'><strong>abstinere</strong></span> <span class='ocrx_word' id='word_1_83' title='bbox 678 1100 806 1161; x_wconf 90' lang='lat' dir='ltr'><strong>debebit.</strong></span> <span class='ocrx_word' id='word_1_84' title='bbox 1148 1123 1169 1162; x_wconf 80' lang='lat' dir='ltr'><strong>ro</strong></span> 
     </span>
    </p>

    <p class='ocr_par' dir='ltr' id='par_1_4' title="bbox 70 1188 1169 1887">
     <span class='ocr_line' id='line_1_12' title="bbox 70 1188 1137 1268; baseline 0.003 -18"><span class='ocrx_word' id='word_1_85' title='bbox 70 1201 104 1250; x_wconf 73' lang='lat'><strong>24</strong></span> <span class='ocrx_word' id='word_1_86' title='bbox 212 1188 366 1268; x_wconf 87' lang='lat' dir='ltr'><strong>Decamyri</strong></span> <span class='ocrx_word' id='word_1_87' title='bbox 393 1190 573 1252; x_wconf 84' lang='lat' dir='ltr'><strong>calefactorii</strong></span> <span class='ocrx_word' id='word_1_88' title='bbox 598 1189 743 1250; x_wconf 87' lang='lat' dir='ltr'><strong>conlectio</strong></span> <span class='ocrx_word' id='word_1_89' title='bbox 767 1189 804 1248; x_wconf 91' lang='lat' dir='ltr'><strong>ad</strong></span> <span class='ocrx_word' id='word_1_90' title='bbox 827 1208 934 1250; x_wconf 84' lang='lat' dir='ltr'><strong>nervos</strong></span> <span class='ocrx_word' id='word_1_91' title='bbox 957 1191 1137 1254; x_wconf 85' lang='lat' dir='ltr'><strong>confirman-</strong></span> 
     </span>
     <span class='ocr_line' id='line_1_13' title="bbox 124 1276 1136 1357; baseline 0.004 -20"><span class='ocrx_word' id='word_1_92' title='bbox 124 1276 176 1337; x_wconf 93' lang='lat' dir='ltr'><strong>dos</strong></span> <span class='ocrx_word' id='word_1_93' title='bbox 201 1286 230 1338; x_wconf 91' lang='lat' dir='ltr'><strong>et</strong></span> <span class='ocrx_word' id='word_1_94' title='bbox 253 1279 431 1339; x_wconf 90' lang='lat' dir='ltr'><strong>recreandos</strong></span> <span class='ocrx_word' id='word_1_95' title='bbox 452 1287 520 1357; x_wconf 91' lang='lat' dir='ltr'><strong>post</strong></span> <span class='ocrx_word' id='word_1_96' title='bbox 538 1280 676 1338; x_wconf 91' lang='lat' dir='ltr'><strong>iniuriam</strong></span> <span class='ocrx_word' id='word_1_97' title='bbox 695 1277 813 1356; x_wconf 79' lang='lat' dir='ltr'><strong>frigoris</strong></span> <span class='ocrx_word' id='word_1_98' title='bbox 833 1286 884 1338; x_wconf 90' lang='lat' dir='ltr'><strong>aut</strong></span> <span class='ocrx_word' id='word_1_99' title='bbox 903 1277 1032 1356; x_wconf 87' lang='lat' dir='ltr'><strong>aliquam</strong></span> <span class='ocrx_word' id='word_1_100' title='bbox 1052 1299 1136 1342; x_wconf 87' lang='lat' dir='ltr'><strong>vexa·</strong></span> 
     </span>
     <span class='ocr_line' id='line_1_14' title="bbox 123 1365 1136 1449; baseline 0.004 -24"><span class='ocrx_word' id='word_1_101' title='bbox 123 1368 235 1426; x_wconf 91' lang='lat' dir='ltr'><strong>tionem</strong></span> <span class='ocrx_word' id='word_1_102' title='bbox 263 1369 320 1427; x_wconf 91' lang='lat' dir='ltr'><strong>sic:</strong></span> <span class='ocrx_word' id='word_1_103' title='bbox 353 1365 415 1426; x_wconf 85' lang='lat' dir='ltr'><strong>Eul</strong></span> <span class='ocrx_word' id='word_1_104' title='bbox 401 1367 555 1426; x_wconf 85' lang='lat' dir='ltr'><strong>forbii-</strong></span> <span class='ocrx_word' id='word_1_105' title='bbox 577 1365 603 1445; x_wconf 91' lang='lat'><strong>1,</strong></span> <span class='ocrx_word' id='word_1_106' title='bbox 632 1365 832 1444; x_wconf 85' lang='lat' dir='ltr'><strong>pyrethri-</strong></span> <span class='ocrx_word' id='word_1_107' title='bbox 853 1365 880 1445; x_wconf 94' lang='lat' dir='ltr'><strong>l,</strong></span> <span class='ocrx_word' id='word_1_108' title='bbox 907 1385 1092 1445; x_wconf 88' lang='lat' dir='ltr'><strong>myrrae—</strong></span> <span class='ocrx_word' id='word_1_109' title='bbox 1053 1368 1136 1449; x_wconf 93' lang='lat' dir='ltr'><strong>-,l</strong></span> 
     </span>
     <span class='ocr_line' id='line_1_15' title="bbox 123 1447 1136 1540; baseline 0.004 -26"><span class='ocrx_word' id='word_1_110' title='bbox 123 1456 289 1514; x_wconf 90' lang='lat' dir='ltr'><strong>amomi—</strong></span> <span class='ocrx_word' id='word_1_111' title='bbox 251 1454 328 1533; x_wconf 94' lang='lat' dir='ltr'><strong>—l,</strong></span> <span class='ocrx_word' id='word_1_112' title='bbox 348 1453 471 1513; x_wconf 88' lang='lat' dir='ltr'><strong>lolii—</strong></span> <span class='ocrx_word' id='word_1_113' title='bbox 430 1453 507 1534; x_wconf 89' lang='lat' dir='ltr'><strong>-l,</strong></span> <span class='ocrx_word' id='word_1_114' title='bbox 525 1457 699 1533; x_wconf 90' lang='lat' dir='ltr'><strong>piperis—</strong></span> <span class='ocrx_word' id='word_1_115' title='bbox 656 1453 726 1512; x_wconf 96' lang='lat' dir='ltr'><strong>—l</strong></span> <span class='ocrx_word' id='word_1_116' title='bbox 727 1457 878 1533; x_wconf 83' lang='lat' dir='ltr'><strong>,styracis</strong></span> <span class='ocrx_word' id='word_1_117' title='bbox 898 1447 1029 1540; x_wconf 41' lang='lat' dir='ltr'><strong>svnt,</strong></span> <span class='ocrx_word' id='word_1_118' title='bbox 1048 1475 1136 1518; x_wconf 90' lang='lat' dir='ltr'><strong>cerac</strong></span> 
     </span>
     <span class='ocr_line' id='line_1_16' title="bbox 124 1534 1169 1644; baseline 0.006 -45"><span class='ocrx_word' id='word_1_119' title='bbox 124 1535 256 1628; x_wconf 54' lang='lat' dir='ltr'><strong>Mill,</strong></span> <span class='ocrx_word' id='word_1_120' title='bbox 279 1542 365 1601; x_wconf 92' lang='lat' dir='ltr'><strong>nardi</strong></span> <span class='ocrx_word' id='word_1_121' title='bbox 384 1534 424 1627; x_wconf 44' lang='grc' dir='ltr'><strong>β</strong></span> <span class='ocrx_word' id='word_1_122' title='bbox 443 1541 516 1620; x_wconf 88' lang='lat' dir='ltr'><strong>Vlll,</strong></span> <span class='ocrx_word' id='word_1_123' title='bbox 538 1541 720 1644; x_wconf 89' lang='lat' dir='ltr'><strong>opobalsami</strong></span> <span class='ocrx_word' id='word_1_124' title='bbox 740 1535 780 1627; x_wconf 48' lang='grc' dir='ltr'>β</span> <span class='ocrx_word' id='word_1_125' title='bbox 799 1541 871 1602; x_wconf 91' lang='lat' dir='ltr'><strong>Vlll.</strong></span> <span class='ocrx_word' id='word_1_126' title='bbox 904 1543 945 1603; x_wconf 88' lang='lat' dir='ltr'><strong>lle</strong></span> <span class='ocrx_word' id='word_1_127' title='bbox 969 1543 1017 1603; x_wconf 93' lang='lat' dir='ltr'><strong>bis</strong></span> <span class='ocrx_word' id='word_1_128' title='bbox 1041 1549 1135 1606; x_wconf 92' lang='lat' dir='ltr'><strong>omni·</strong></span> <span class='ocrx_word' id='word_1_129' title='bbox 1147 1564 1169 1605; x_wconf 78' lang='lat'><strong>15</strong></span> 
     </span>
     <span class='ocr_line' id='line_1_17' title="bbox 123 1629 1135 1714; baseline 0.005 -24"><span class='ocrx_word' id='word_1_130' title='bbox 123 1629 179 1690; x_wconf 93' lang='lat' dir='ltr'><strong>bus</strong></span> <span class='ocrx_word' id='word_1_131' title='bbox 198 1632 296 1690; x_wconf 90' lang='lat' dir='ltr'><strong>tunsis</strong></span> <span class='ocrx_word' id='word_1_132' title='bbox 315 1630 453 1690; x_wconf 91' lang='lat' dir='ltr'><strong>cribratis</strong></span> <span class='ocrx_word' id='word_1_133' title='bbox 471 1631 664 1708; x_wconf 89' lang='lat' dir='ltr'><strong>remissisque</strong></span> <span class='ocrx_word' id='word_1_134' title='bbox 683 1630 774 1690; x_wconf 85' lang='lat' dir='ltr'><strong>iacies</strong></span> <span class='ocrx_word' id='word_1_135' title='bbox 794 1648 881 1690; x_wconf 89' lang='lat' dir='ltr'><strong>unam</strong></span> <span class='ocrx_word' id='word_1_136' title='bbox 906 1632 1135 1714; x_wconf 89' lang='lat' dir='ltr'><strong>conlectionem,</strong></span> 
     </span>
     <span class='ocr_line' id='line_1_18' title="bbox 122 1718 1135 1797; baseline 0.005 -19"><span class='ocrx_word' id='word_1_137' title='bbox 122 1736 210 1796; x_wconf 90' lang='lat' dir='ltr'><strong>quam</strong></span> <span class='ocrx_word' id='word_1_138' title='bbox 234 1721 264 1778; x_wconf 94' lang='lat' dir='ltr'><strong>in</strong></span> <span class='ocrx_word' id='word_1_139' title='bbox 287 1718 424 1797; x_wconf 90' lang='lat' dir='ltr'><strong>pyxidem</strong></span> <span class='ocrx_word' id='word_1_140' title='bbox 447 1718 574 1796; x_wconf 85' lang='lat' dir='ltr'><strong>ligneam</strong></span> <span class='ocrx_word' id='word_1_141' title='bbox 597 1726 649 1778; x_wconf 89' lang='lat' dir='ltr'><strong>aut</strong></span> <span class='ocrx_word' id='word_1_142' title='bbox 673 1735 812 1778; x_wconf 88' lang='lat' dir='ltr'><strong>corneam</strong></span> <span class='ocrx_word' id='word_1_143' title='bbox 835 1719 980 1780; x_wconf 89' lang='lat' dir='ltr'><strong>recondes</strong></span> <span class='ocrx_word' id='word_1_144' title='bbox 1010 1728 1041 1781; x_wconf 92' lang='lat' dir='ltr'><strong>et</strong></span> <span class='ocrx_word' id='word_1_145' title='bbox 1066 1740 1135 1783; x_wconf 91' lang='lat' dir='ltr'><strong>cum</strong></span> 
     </span>
     <span class='ocr_line' id='line_1_19' title="bbox 123 1806 445 1887; baseline 0 -21"><span class='ocrx_word' id='word_1_146' title='bbox 123 1824 197 1884; x_wconf 94' lang='lat' dir='ltr'><strong>opus</strong></span> <span class='ocrx_word' id='word_1_147' title='bbox 221 1806 319 1887; x_wconf 87' lang='lat' dir='ltr'><strong>luerit,</strong></span> <span class='ocrx_word' id='word_1_148' title='bbox 342 1808 445 1867; x_wconf 89' lang='lat' dir='ltr'><strong>uteris.</strong></span> 
     </span>
    </p>

    <p class='ocr_par' dir='ltr' id='par_1_5' title="bbox 70 1893 1169 2325">
     <span class='ocr_line' id='line_1_20' title="bbox 70 1893 1135 1974; baseline 0.005 -20"><span class='ocrx_word' id='word_1_149' title='bbox 70 1906 102 1956; x_wconf 77' lang='lat'><strong>25</strong></span> <span class='ocrx_word' id='word_1_150' title='bbox 211 1893 283 1954; x_wconf 90' lang='lat' dir='ltr'><strong>ltem</strong></span> <span class='ocrx_word' id='word_1_151' title='bbox 314 1895 351 1954; x_wconf 92' lang='lat' dir='ltr'><strong>ad</strong></span> <span class='ocrx_word' id='word_1_152' title='bbox 379 1895 480 1954; x_wconf 88' lang='lat' dir='ltr'><strong>eadem</strong></span> <span class='ocrx_word' id='word_1_153' title='bbox 509 1911 635 1974; x_wconf 91' lang='lat' dir='ltr'><strong>acopum</strong></span> <span class='ocrx_word' id='word_1_154' title='bbox 662 1894 698 1954; x_wconf 89' lang='lat' dir='ltr'><strong>de</strong></span> <span class='ocrx_word' id='word_1_155' title='bbox 727 1893 885 1972; x_wconf 87' lang='lat' dir='ltr'><strong>speciebus</strong></span> <span class='ocrx_word' id='word_1_156' title='bbox 912 1913 1018 1955; x_wconf 86' lang='lat' dir='ltr'><strong>novem</strong></span> <span class='ocrx_word' id='word_1_157' title='bbox 1042 1897 1135 1959; x_wconf 83' lang='lat' dir='ltr'><strong>facies</strong></span> 
     </span>
     <span class='ocr_line' id='line_1_21' title="bbox 123 1974 1169 2068; baseline 0.002 -27"><span class='ocrx_word' id='word_1_158' title='bbox 123 1983 179 2042; x_wconf 91' lang='lat' dir='ltr'><strong>sic:</strong></span> <span class='ocrx_word' id='word_1_159' title='bbox 211 1981 370 2043; x_wconf 89' lang='lat' dir='ltr'><strong>Masticbcs</strong></span> <span class='ocrx_word' id='word_1_160' title='bbox 399 1975 509 2068; x_wconf 49' lang='lat' dir='ltr'><strong>2Vl,</strong></span> <span class='ocrx_word' id='word_1_161' title='bbox 538 1985 663 2062; x_wconf 88' lang='lat' dir='ltr'><strong>styracis</strong></span> <span class='ocrx_word' id='word_1_162' title='bbox 687 1974 726 2067; x_wconf 51' lang='lat'><strong>2·</strong></span> <span class='ocrx_word' id='word_1_163' title='bbox 746 1981 797 2062; x_wconf 94' lang='lat' dir='ltr'><strong>Vl,</strong></span> <span class='ocrx_word' id='word_1_164' title='bbox 825 1982 911 2043; x_wconf 90' lang='lat' dir='ltr'><strong>nardi</strong></span> <span class='ocrx_word' id='word_1_165' title='bbox 938 1991 969 2043; x_wconf 90' lang='lat' dir='ltr'><strong>et</strong></span> <span class='ocrx_word' id='word_1_166' title='bbox 991 1985 1169 2048; x_wconf 83' lang='lat' dir='ltr'><strong>dictamniso</strong></span> 
     </span>
     <span class='ocr_line' id='line_1_22' title="bbox 122 2063 1136 2156; baseline 0.006 -26"><span class='ocrx_word' id='word_1_167' title='bbox 122 2071 310 2152; x_wconf 89' lang='lat' dir='ltr'><strong>tantundem,</strong></span> <span class='ocrx_word' id='word_1_168' title='bbox 334 2070 391 2131; x_wconf 89' lang='lat' dir='ltr'><strong>olei</strong></span> <span class='ocrx_word' id='word_1_169' title='bbox 413 2071 516 2131; x_wconf 88' lang='lat' dir='ltr'><strong>viridis</strong></span> <span class='ocrx_word' id='word_1_170' title='bbox 540 2063 580 2156; x_wconf 42' lang='grc' dir='ltr'>β</span> <span class='ocrx_word' id='word_1_171' title='bbox 600 2069 666 2149; x_wconf 88' lang='lat' dir='ltr'><strong>XX,</strong></span> <span class='ocrx_word' id='word_1_172' title='bbox 694 2069 751 2130; x_wconf 91' lang='lat' dir='ltr'><strong>olei</strong></span> <span class='ocrx_word' id='word_1_173' title='bbox 774 2069 898 2149; x_wconf 91' lang='lat' dir='ltr'><strong>phyllini</strong></span> <span class='ocrx_word' id='word_1_174' title='bbox 922 2063 1048 2156; x_wconf 43' lang='lat' dir='ltr'><strong>yXX,</strong></span> <span class='ocrx_word' id='word_1_175' title='bbox 1078 2075 1136 2136; x_wconf 91' lang='lat' dir='ltr'><strong>olei</strong></span> 
     </span>
     <span class='ocr_line' id='line_1_23' title="bbox 122 2119 1135 2244; baseline 0.006 -27"><span class='ocrx_word' id='word_1_176' title='bbox 122 2161 243 2238; x_wconf 91' lang='lat' dir='ltr'><strong>myrtini</strong></span> <span class='ocrx_word' id='word_1_177' title='bbox 262 2119 356 2244; x_wconf 37' lang='lat' dir='ltr'><strong>QX,</strong></span> <span class='ocrx_word' id='word_1_178' title='bbox 380 2177 526 2219; x_wconf 90' lang='lat' dir='ltr'><strong>cerae—</strong></span> <span class='ocrx_word' id='word_1_179' title='bbox 545 2158 586 2218; x_wconf 96' lang='lat' dir='ltr'><strong>lX</strong></span> <span class='ocrx_word' id='word_1_180' title='bbox 587 2158 794 2238; x_wconf 87' lang='lat' dir='ltr'><strong>,opobalsami</strong></span> <span class='ocrx_word' id='word_1_181' title='bbox 813 2151 853 2244; x_wconf 48' lang='grc' dir='ltr'><strong>ξι</strong></span> <span class='ocrx_word' id='word_1_182' title='bbox 873 2158 918 2219; x_wconf 89' lang='lat' dir='ltr'><strong>Vl.</strong></span> <span class='ocrx_word' id='word_1_183' title='bbox 955 2159 1035 2221; x_wconf 91' lang='lat' dir='ltr'><strong>llaec</strong></span> <span class='ocrx_word' id='word_1_184' title='bbox 1054 2164 1135 2223; x_wconf 90' lang='lat' dir='ltr'><strong>simi-</strong></span> 
     </span>
     <span class='ocr_line' id='line_1_24' title="bbox 121 2245 1136 2325; baseline 0.006 -20"><span class='ocrx_word' id='word_1_185' title='bbox 121 2245 190 2306; x_wconf 91' lang='lat' dir='ltr'><strong>liter</strong></span> <span class='ocrx_word' id='word_1_186' title='bbox 208 2254 242 2306; x_wconf 93' lang='lat' dir='ltr'><strong>ut</strong></span> <span class='ocrx_word' id='word_1_187' title='bbox 261 2265 350 2324; x_wconf 92' lang='lat' dir='ltr'><strong>supra</strong></span> <span class='ocrx_word' id='word_1_188' title='bbox 367 2249 478 2325; x_wconf 92' lang='lat' dir='ltr'><strong>scripta</strong></span> <span class='ocrx_word' id='word_1_189' title='bbox 497 2248 637 2307; x_wconf 88' lang='lat' dir='ltr'><strong>conficies</strong></span> <span class='ocrx_word' id='word_1_190' title='bbox 657 2255 687 2307; x_wconf 88' lang='lat' dir='ltr'><strong>ct</strong></span> <span class='ocrx_word' id='word_1_191' title='bbox 700 2246 845 2307; x_wconf 90' lang='lat' dir='ltr'><strong>recondes</strong></span> <span class='ocrx_word' id='word_1_192' title='bbox 859 2255 889 2307; x_wconf 88' lang='lat' dir='ltr'><strong>et</strong></span> <span class='ocrx_word' id='word_1_193' title='bbox 904 2247 1041 2309; x_wconf 89' lang='lat' dir='ltr'><strong>similiter</strong></span> <span class='ocrx_word' id='word_1_194' title='bbox 1054 2249 1136 2311; x_wconf 90' lang='lat' dir='ltr'><strong>lenta</strong></span> 
     </span>
    </p>
   </div>
   <div class='ocr_carea' id='block_1_4' title="bbox 121 2333 1168 2482">
    <p class='ocr_par' dir='ltr' id='par_1_6' title="bbox 121 2333 1168 2482">
     <span class='ocr_line' id='line_1_25' title="bbox 122 2333 1134 2415; baseline 0.006 -23"><span class='ocrx_word' id='word_1_195' title='bbox 122 2341 152 2393; x_wconf 86' lang='lat' dir='ltr'><strong>et</strong></span> <span class='ocrx_word' id='word_1_196' title='bbox 175 2333 269 2394; x_wconf 90' lang='lat' dir='ltr'><strong>calida</strong></span> <span class='ocrx_word' id='word_1_197' title='bbox 290 2352 377 2393; x_wconf 91' lang='lat' dir='ltr'><strong>manu</strong></span> <span class='ocrx_word' id='word_1_198' title='bbox 398 2335 562 2411; x_wconf 89' lang='lat' dir='ltr'><strong>perlricans</strong></span> <span class='ocrx_word' id='word_1_199' title='bbox 581 2335 617 2394; x_wconf 91' lang='lat' dir='ltr'><strong>ad</strong></span> <span class='ocrx_word' id='word_1_200' title='bbox 636 2334 794 2412; x_wconf 89' lang='lat' dir='ltr'><strong>placandos</strong></span> <span class='ocrx_word' id='word_1_201' title='bbox 813 2353 847 2395; x_wconf 92' lang='lat' dir='ltr'><strong>ac</strong></span> <span class='ocrx_word' id='word_1_202' title='bbox 866 2337 1048 2415; x_wconf 91' lang='lat' dir='ltr'><strong>reparandos</strong></span> <span class='ocrx_word' id='word_1_203' title='bbox 1067 2357 1134 2399; x_wconf 90' lang='lat' dir='ltr'><strong>ner-</strong></span> 
     </span>
     <span class='ocr_line' id='line_1_26' title="bbox 121 2422 1168 2482; baseline 0.004 -4"><span class='ocrx_word' id='word_1_204' title='bbox 121 2437 174 2479; x_wconf 87' lang='lat' dir='ltr'><strong>vos</strong></span> <span class='ocrx_word' id='word_1_205' title='bbox 197 2422 300 2479; x_wconf 91' lang='lat' dir='ltr'><strong>uteris.</strong></span> <span class='ocrx_word' id='word_1_206' title='bbox 1146 2440 1168 2482; x_wconf 82' lang='lat' dir='ltr'><strong>xa</strong></span> 
     </span>
    </p>
   </div>
   <div class='ocr_carea' id='block_1_5' title="bbox 56 2505 1173 3470">
    <p class='ocr_par' dir='ltr' id='par_1_7' title="bbox 69 2505 1134 2682">
     <span class='ocr_line' id='line_1_27' title="bbox 69 2505 1134 2584; baseline 0.007 -16"><span class='ocrx_word' id='word_1_207' title='bbox 69 2519 103 2568; x_wconf 81' lang='lat'><strong>26</strong></span> <span class='ocrx_word' id='word_1_208' title='bbox 213 2505 327 2584; x_wconf 90' lang='lat' dir='ltr'><strong>Stirpes</strong></span> <span class='ocrx_word' id='word_1_209' title='bbox 346 2506 494 2567; x_wconf 87' lang='lat' dir='ltr'><strong>brassicae</strong></span> <span class='ocrx_word' id='word_1_210' title='bbox 513 2525 581 2568; x_wconf 91' lang='lat' dir='ltr'><strong>oum</strong></span> <span class='ocrx_word' id='word_1_211' title='bbox 596 2508 744 2569; x_wconf 89' lang='lat' dir='ltr'><strong>radicibus</strong></span> <span class='ocrx_word' id='word_1_212' title='bbox 759 2512 822 2570; x_wconf 87' lang='lat' dir='ltr'><strong>suls</strong></span> <span class='ocrx_word' id='word_1_213' title='bbox 836 2509 1002 2572; x_wconf 89' lang='lat' dir='ltr'><strong>comburito</strong></span> <span class='ocrx_word' id='word_1_214' title='bbox 1018 2531 1134 2576; x_wconf 89' lang='lat' dir='ltr'><strong>earum·</strong></span> 
     </span>
     <span class='ocr_line' id='line_1_28' title="bbox 123 2594 1134 2682; baseline 0.01 -28"><span class='ocrx_word' id='word_1_215' title='bbox 123 2612 181 2672; x_wconf 92' lang='lat' dir='ltr'><strong>que</strong></span> <span class='ocrx_word' id='word_1_216' title='bbox 209 2594 341 2654; x_wconf 92' lang='lat' dir='ltr'><strong>cinerem</strong></span> <span class='ocrx_word' id='word_1_217' title='bbox 368 2602 450 2654; x_wconf 89' lang='lat' dir='ltr'><strong>aceto</strong></span> <span class='ocrx_word' id='word_1_218' title='bbox 479 2598 666 2674; x_wconf 88' lang='lat' dir='ltr'><strong>conspargito</strong></span> <span class='ocrx_word' id='word_1_219' title='bbox 693 2606 723 2657; x_wconf 91' lang='lat' dir='ltr'><strong>et</strong></span> <span class='ocrx_word' id='word_1_220' title='bbox 745 2598 859 2659; x_wconf 89' lang='lat' dir='ltr'><strong>adiecta</strong></span> <span class='ocrx_word' id='word_1_221' title='bbox 882 2607 982 2660; x_wconf 89' lang='lat' dir='ltr'><strong>vetere</strong></span> <span class='ocrx_word' id='word_1_222' title='bbox 1006 2605 1134 2682; x_wconf 80' lang='lat' dir='ltr'><strong>axungia</strong></span> 
     </span>
    </p>

    <p class='ocr_par' dir='ltr' id='par_1_8' title="bbox 56 2681 1133 2763">
     <span class='ocr_line' id='line_1_29' title="bbox 56 2681 1133 2763; baseline 0.01 -23"><span class='ocrx_word' id='word_1_223' title='bbox 56 2687 58 2691; x_wconf 73' lang='lat'>‘</span> <span class='ocrx_word' id='word_1_224' title='bbox 122 2681 260 2762; x_wconf 91' lang='lat' dir='ltr'><strong>subigito,</strong></span> <span class='ocrx_word' id='word_1_225' title='bbox 279 2682 308 2742; x_wconf 89' lang='lat' dir='ltr'><strong>id</strong></span> <span class='ocrx_word' id='word_1_226' title='bbox 328 2681 470 2761; x_wconf 90' lang='lat' dir='ltr'><strong>malagma</strong></span> <span class='ocrx_word' id='word_1_227' title='bbox 489 2686 661 2763; x_wconf 91' lang='lat' dir='ltr'><strong>impositum</strong></span> <span class='ocrx_word' id='word_1_228' title='bbox 682 2704 789 2747; x_wconf 89' lang='lat' dir='ltr'><strong>nervos</strong></span> <span class='ocrx_word' id='word_1_229' title='bbox 803 2687 1002 2748; x_wconf 85' lang='lat' dir='ltr'><strong>valentissime</strong></span> <span class='ocrx_word' id='word_1_230' title='bbox 1018 2690 1133 2752; x_wconf 86' lang='lat' dir='ltr'><strong>solidat</strong></span> 
     </span>
    </p>

    <p class='ocr_par' dir='ltr' id='par_1_9' title="bbox 69 2769 1170 2945">
     <span class='ocr_line' id='line_1_30' title="bbox 69 2769 1134 2851; baseline 0.009 -20"><span class='ocrx_word' id='word_1_231' title='bbox 69 2781 102 2832; x_wconf 75' lang='lat'><strong>27</strong></span> <span class='ocrx_word' id='word_1_232' title='bbox 213 2769 354 2842; x_wconf 86' lang='lat' dir='ltr'><strong>Quercini</strong></span> <span class='ocrx_word' id='word_1_233' title='bbox 377 2771 448 2850; x_wconf 89' lang='lat' dir='ltr'><strong>ligni</strong></span> <span class='ocrx_word' id='word_1_234' title='bbox 468 2773 616 2834; x_wconf 91' lang='lat' dir='ltr'><strong>combusti</strong></span> <span class='ocrx_word' id='word_1_235' title='bbox 639 2776 769 2835; x_wconf 90' lang='lat' dir='ltr'><strong>cinerem</strong></span> <span class='ocrx_word' id='word_1_236' title='bbox 791 2776 841 2851; x_wconf 94' lang='lat' dir='ltr'><strong>qui</strong></span> <span class='ocrx_word' id='word_1_237' title='bbox 864 2778 932 2835; x_wconf 85' lang='lat' dir='ltr'><strong>vino</strong></span> <span class='ocrx_word' id='word_1_238' title='bbox 952 2784 983 2836; x_wconf 91' lang='lat' dir='ltr'><strong>et</strong></span> <span class='ocrx_word' id='word_1_239' title='bbox 1005 2777 1071 2839; x_wconf 91' lang='lat' dir='ltr'><strong>oleo</strong></span> <span class='ocrx_word' id='word_1_240' title='bbox 1092 2779 1134 2840; x_wconf 93' lang='lat' dir='ltr'><strong>di·</strong></span> 
     </span>
     <span class='ocr_line' id='line_1_31' title="bbox 121 2850 1170 2945; baseline 0.004 -25"><span class='ocrx_word' id='word_1_241' title='bbox 121 2859 211 2921; x_wconf 91' lang='lat' dir='ltr'><strong>luerit</strong></span> <span class='ocrx_word' id='word_1_242' title='bbox 230 2860 406 2940; x_wconf 92' lang='lat' dir='ltr'><strong>doloresque</strong></span> <span class='ocrx_word' id='word_1_243' title='bbox 421 2879 581 2922; x_wconf 91' lang='lat' dir='ltr'><strong>nervorum</strong></span> <span class='ocrx_word' id='word_1_244' title='bbox 595 2880 628 2923; x_wconf 89' lang='lat' dir='ltr'><strong>ea</strong></span> <span class='ocrx_word' id='word_1_245' title='bbox 643 2865 783 2923; x_wconf 92' lang='lat' dir='ltr'><strong>unctione</strong></span> <span class='ocrx_word' id='word_1_246' title='bbox 797 2850 997 2945; x_wconf 90' lang='lat' dir='ltr'><strong>perlricuerit,</strong></span> <span class='ocrx_word' id='word_1_247' title='bbox 1017 2885 1133 2928; x_wconf 92' lang='lat' dir='ltr'><strong>summa</strong></span> <span class='ocrx_word' id='word_1_248' title='bbox 1146 2882 1170 2924; x_wconf 84' lang='lat' dir='ltr'><strong>ao</strong></span> 
     </span>
    </p>

    <p class='ocr_par' dir='ltr' id='par_1_10' title="bbox 69 2948 1134 3203">
     <span class='ocr_line' id='line_1_32' title="bbox 69 2948 1133 3030; baseline 0.008 -22"><span class='ocrx_word' id='word_1_249' title='bbox 69 2958 102 3008; x_wconf 79' lang='lat'><strong>28</strong></span> <span class='ocrx_word' id='word_1_250' title='bbox 122 2948 273 3010; x_wconf 91' lang='lat' dir='ltr'><strong>celeritate</strong></span> <span class='ocrx_word' id='word_1_251' title='bbox 297 2949 458 3010; x_wconf 91' lang='lat' dir='ltr'><strong>sanabitur.</strong></span> <span class='ocrx_word' id='word_1_252' title='bbox 496 2949 618 3011; x_wconf 88' lang='lat' dir='ltr'><strong>Stercus</strong></span> <span class='ocrx_word' id='word_1_253' title='bbox 642 2953 795 3030; x_wconf 91' lang='lat' dir='ltr'><strong>caprinum</strong></span> <span class='ocrx_word' id='word_1_254' title='bbox 819 2950 905 3010; x_wconf 87' lang='lat' dir='ltr'><strong>melle</strong></span> <span class='ocrx_word' id='word_1_255' title='bbox 928 2955 1055 3014; x_wconf 91' lang='lat' dir='ltr'><strong>mixtum</strong></span> <span class='ocrx_word' id='word_1_256' title='bbox 1078 2957 1133 3016; x_wconf 93' lang='lat' dir='ltr'><strong>im-</strong></span> 
     </span>
     <span class='ocr_line' id='line_1_33' title="bbox 120 3036 1134 3117; baseline 0.008 -20"><span class='ocrx_word' id='word_1_257' title='bbox 120 3039 310 3116; x_wconf 89' lang='lat' dir='ltr'><strong>positumque</strong></span> <span class='ocrx_word' id='word_1_258' title='bbox 335 3045 514 3116; x_wconf 84' lang='lat' dir='ltr'><strong>suppuratus</strong></span> <span class='ocrx_word' id='word_1_259' title='bbox 536 3056 643 3099; x_wconf 88' lang='lat' dir='ltr'><strong>nervos</strong></span> <span class='ocrx_word' id='word_1_260' title='bbox 667 3036 842 3117; x_wconf 89' lang='lat' dir='ltr'><strong>expurgabit</strong></span> <span class='ocrx_word' id='word_1_261' title='bbox 865 3047 896 3098; x_wconf 88' lang='lat' dir='ltr'><strong>et</strong></span> <span class='ocrx_word' id='word_1_262' title='bbox 919 3039 955 3099; x_wconf 93' lang='lat' dir='ltr'><strong>ad</strong></span> <span class='ocrx_word' id='word_1_263' title='bbox 974 3045 1134 3104; x_wconf 86' lang='lat' dir='ltr'><strong>sanitatem</strong></span> 
     </span>
     <span class='ocr_line' id='line_1_34' title="bbox 121 3125 394 3203; baseline 0 -18"><span class='ocrx_word' id='word_1_264' title='bbox 121 3143 216 3203; x_wconf 89' lang='lat' dir='ltr'><strong>usque</strong></span> <span class='ocrx_word' id='word_1_265' title='bbox 242 3125 394 3202; x_wconf 89' lang='lat' dir='ltr'><strong>perducet.</strong></span> 
     </span>
    </p>

    <p class='ocr_par' dir='ltr' id='par_1_11' title="bbox 68 3212 1173 3470">
     <span class='ocr_line' id='line_1_35' title="bbox 68 3212 1134 3297; baseline 0.009 -26"><span class='ocrx_word' id='word_1_266' title='bbox 68 3222 101 3272; x_wconf 78' lang='lat'><strong>29</strong></span> <span class='ocrx_word' id='word_1_267' title='bbox 211 3213 243 3273; x_wconf 88' lang='lat' dir='ltr'><strong>Si</strong></span> <span class='ocrx_word' id='word_1_268' title='bbox 270 3215 300 3273; x_wconf 94' lang='lat' dir='ltr'><strong>in</strong></span> <span class='ocrx_word' id='word_1_269' title='bbox 329 3212 438 3273; x_wconf 91' lang='lat' dir='ltr'><strong>cubitis</strong></span> <span class='ocrx_word' id='word_1_270' title='bbox 466 3222 517 3274; x_wconf 88' lang='lat' dir='ltr'><strong>aut</strong></span> <span class='ocrx_word' id='word_1_271' title='bbox 545 3213 678 3275; x_wconf 89' lang='lat' dir='ltr'><strong>articulis</strong></span> <span class='ocrx_word' id='word_1_272' title='bbox 705 3222 756 3274; x_wconf 90' lang='lat' dir='ltr'><strong>aut</strong></span> <span class='ocrx_word' id='word_1_273' title='bbox 783 3231 970 3294; x_wconf 91' lang='lat' dir='ltr'><strong>quacumque</strong></span> <span class='ocrx_word' id='word_1_274' title='bbox 996 3222 1134 3297; x_wconf 88' lang='lat' dir='ltr'><strong>corporis</strong></span> 
     </span>
     <span class='ocr_line' id='line_1_36' title="bbox 114 3301 1173 3382; baseline 0.003 -20"><span class='ocrx_word' id='word_1_275' title='bbox 114 3307 204 3380; x_wconf 88' lang='lat' dir='ltr'><strong>parte</strong></span> <span class='ocrx_word' id='word_1_276' title='bbox 232 3318 393 3362; x_wconf 84' lang='lat' dir='ltr'><strong>nervorum</strong></span> <span class='ocrx_word' id='word_1_277' title='bbox 426 3303 589 3362; x_wconf 89' lang='lat' dir='ltr'><strong>contractio</strong></span> <span class='ocrx_word' id='word_1_278' title='bbox 621 3301 738 3362; x_wconf 89' lang='lat' dir='ltr'><strong>dolores</strong></span> <span class='ocrx_word' id='word_1_279' title='bbox 771 3301 935 3382; x_wconf 90' lang='lat' dir='ltr'><strong>exhibebit,</strong></span> <span class='ocrx_word' id='word_1_280' title='bbox 967 3303 1134 3369; x_wconf 90' lang='lat' dir='ltr'><strong>lumbricos</strong></span> <span class='ocrx_word' id='word_1_281' title='bbox 1147 3323 1173 3365; x_wconf 78' lang='lat' dir='ltr'><strong>aa</strong></span> 
     </span>
     <span class='ocr_line' id='line_1_37' title="bbox 104 3389 1145 3470; baseline 0.003 -22"><span class='ocrx_word' id='word_1_282' title='bbox 104 3396 171 3451; x_wconf 86' lang='lat' dir='ltr'><strong>tres</strong></span> <span class='ocrx_word' id='word_1_283' title='bbox 198 3397 342 3455; x_wconf 86' lang='lat' dir='ltr'><strong>terrenos</strong></span> <span class='ocrx_word' id='word_1_284' title='bbox 371 3411 443 3456; x_wconf 89' lang='lat' dir='ltr'><strong>cum</strong></span> <span class='ocrx_word' id='word_1_285' title='bbox 470 3391 562 3455; x_wconf 87' lang='lat' dir='ltr'><strong>melle</strong></span> <span class='ocrx_word' id='word_1_286' title='bbox 583 3393 676 3454; x_wconf 87' lang='lat' dir='ltr'><strong>tritos</strong></span> <span class='ocrx_word' id='word_1_287' title='bbox 695 3389 883 3466; x_wconf 77' lang='lat' dir='ltr'><strong>malagmatis</strong></span> <span class='ocrx_word' id='word_1_288' title='bbox 900 3390 991 3445; x_wconf 73' lang='lat' dir='ltr'><strong>mono</strong></span> <span class='ocrx_word' id='word_1_289' title='bbox 1006 3394 1145 3470; x_wconf 63' lang='lat' dir='ltr'><strong>impone,</strong></span> 
     </span>
    </p>
   </div>
   <div class='ocr_carea' id='block_1_6' title="bbox 88 3475 834 3566">
    <p class='ocr_par' dir='ltr' id='par_1_12' title="bbox 88 3475 834 3566">
     <span class='ocr_line' id='line_1_38' title="bbox 88 3475 834 3566; baseline -0.011 -26"><span class='ocrx_word' id='word_1_290' title='bbox 88 3494 219 3543; x_wconf 88' lang='lat' dir='ltr'><strong>omnem</strong></span> <span class='ocrx_word' id='word_1_291' title='bbox 246 3484 393 3549; x_wconf 91' lang='lat' dir='ltr'><strong>dolorem</strong></span> <span class='ocrx_word' id='word_1_292' title='bbox 419 3485 542 3550; x_wconf 90' lang='lat' dir='ltr'><strong>mollito</strong></span> <span class='ocrx_word' id='word_1_293' title='bbox 567 3485 676 3566; x_wconf 88' lang='lat' dir='ltr'><strong>rigore</strong></span> <span class='ocrx_word' id='word_1_294' title='bbox 697 3475 834 3541; x_wconf 74' lang='lat' dir='ltr'><strong>sedabis.</strong></span> 
     </span>
    </p>
   </div>
   <div class='ocr_carea' id='block_1_7' title="bbox 0 0 1224 3802">
    <p class='ocr_par' dir='ltr' id='par_1_13' title="bbox 0 0 1224 3802">
     <span class='ocr_line' id='line_1_39' title="bbox 0 0 1224 3802; baseline 0 0"><span class='ocrx_word' id='word_1_295' title='bbox 0 0 1224 3802; x_wconf 95' lang='lat' dir='ltr'><strong> </strong></span> 
     </span>
    </p>
   </div>
  </div>
 </body>
</html>
