2438 3802
506 127 746 192 -172-

67 305 101 352 14
210 291 392 352 Centaureae
416 293 515 351 tenuis
539 308 643 373 sucus,
671 298 814 368 quantum
842 308 903 350 nux
930 289 1060 350 avellana
1088 309 1135 352 re-

120 382 205 461 cipit,
234 399 301 441 cum
330 398 405 460 aqua
432 378 528 440 mulsa
556 379 642 439 datus
670 377 717 438 vel
743 378 884 438 ianthidis
906 378 1029 460 herbae,
1058 397 1135 457 quae

119 470 228 530 umidis
252 469 326 530 locis
349 469 491 547 nascitur,
515 468 605 527 unius
626 467 743 528 fruticis
763 466 832 526 folia
850 469 920 526 trita
940 485 1007 527 cum
1027 468 1134 545 cyatho

119 576 212 636 aqrrae
237 558 303 618 data
327 557 500 634 suspiriosis
523 555 685 635 plurimum
704 563 843 636 prosunt3
864 557 932 615 vino
951 557 997 616 uti
1015 564 1135 635 oportet

119 648 309 726 suspiriosos,
328 647 360 704 in
379 662 437 722 quo
457 651 643 724 centaureae,
662 643 801 724 absinthi,
824 645 938 722 origani
961 651 991 704 et
1010 647 1162 722 tragon-o

119 736 186 811 gani
210 741 239 793 et
261 733 367 812 hysopi
397 740 427 792 et
450 732 545 811 thymi
572 740 602 792 et
624 732 705 811 pulei
728 741 758 793 et
780 741 865 793 rutae
888 732 1023 793 fasciculi
1045 736 1134 794 tertia

67 835 100 883 15
120 821 253 882 detracta
276 821 389 882 fuerint
412 821 536 882 decocti.
579 820 719 900 Cupressi
742 821 851 900 pilulae
874 823 962 880 tritae
985 828 1072 900 potae
1097 841 1135 882 ex

119 911 186 969 vino
214 910 329 970 faciunt
357 908 433 970 bene
462 918 522 969 non
550 909 645 970 solum
676 910 711 970 ad
743 911 921 989 suspirium,
954 910 1006 970 sed
1039 917 1070 970 et
1097 911 1133 972 ad

118 999 259 1058 iocineris
283 1006 313 1058 et
335 999 465 1077 pectoris
489 1005 520 1058 et
539 998 641 1059 vulvae
661 997 804 1079 dolorem,
828 1001 854 1058 si
872 999 990 1059 feminis
1011 999 1134 1081 dentur3

118 1085 187 1146 folia
210 1094 309 1147 autem
335 1086 468 1147 eiusdem
491 1105 559 1147 cum
583 1094 650 1147 ruta
673 1088 743 1146 trita
772 1096 802 1148 et
829 1096 898 1166 pota
921 1088 1052 1166 pectoris
1076 1088 1173 1148 tol-1o

116 1174 183 1236 lunt
211 1175 356 1256 dolorem,
385 1174 522 1236 similiter
549 1183 652 1236 cortex
681 1182 711 1235 et
738 1175 823 1235 radix
851 1177 987 1255 cupressi
1011 1175 1133 1237 decocta

117 1265 154 1325 ad
179 1264 280 1326 eadem
304 1273 444 1346 prosunt,
469 1263 520 1324 sed
545 1265 657 1325 faciunt
680 1264 769 1324 etad
793 1262 966 1343 falangionis
989 1282 1133 1347 morsum,

118 1354 144 1412 si
168 1355 354 1414 extrinsecus
377 1355 558 1432 inponantur
581 1352 734 1432 emplastri
756 1368 839 1413 more
864 1355 1024 1432 conposita.

65 1454 98 1503 16
207 1443 332 1503 Acetum
356 1461 392 1502 ex
416 1441 516 1502 scillae
539 1440 630 1502 bulbo
654 1441 764 1502 factum
790 1442 914 1501 mirifice
936 1441 1060 1521 prodest
1083 1460 1132 1502 su·

118 1531 266 1610 spiriosis3
299 1530 436 1590 similiter
463 1537 580 1590 acetum
608 1548 645 1590 ex
673 1530 787 1610 thymo,
817 1532 939 1609 origano
970 1529 1131 1610 puleioque
1145 1549 1170 1590 ra

66 1632 98 1681 17
119 1618 287 1680 confectum
306 1618 437 1698 prodest,
456 1619 482 1678 si
501 1617 623 1678 adsidue
643 1617 826 1696 degustetur.
856 1617 950 1679 Utiles
970 1626 1040 1679 sunt
1053 1621 1134 1680 inter

117 1709 202 1768 initia
227 1709 360 1786 quamvis
383 1705 507 1767 molesta
531 1707 704 1784 suspiriosis
723 1706 902 1768 sorbitiones
920 1707 957 1767 de
975 1726 1067 1786 porro
1086 1727 1133 1768 ca·

117 1797 211 1873 pitato
231 1797 324 1856 factae
344 1803 375 1856 et
393 1813 429 1854 ex
443 1797 540 1856 urtica
559 1802 647 1874 atque
667 1798 811 1856 nasturcii
830 1797 951 1856 semine.
980 1795 1133 1876 Perungui

118 1891 217 1944 autem
247 1903 297 1944 eos
326 1891 444 1962 oportet
471 1883 563 1944 rebus
593 1883 847 1964 calefacientibus,
880 1891 961 1944 certe
988 1885 1131 1964 pyrethro

118 1990 187 2032 cum
210 1971 275 2033 oleo
299 1973 436 2053 decoct03
464 1975 644 2051 gestationes
668 1991 787 2052 quoque
810 1991 864 2052 per
887 1974 963 2032 viam
987 1981 1132 2052 myrteam
1146 1990 1172 2031 ro

117 2069 245 2140 prosunt
271 2069 302 2122 et
329 2063 355 2121 si
378 2079 468 2140 super
491 2061 627 2123 lecticam
650 2061 697 2122 vel
723 2079 813 2140 super
836 2061 947 2121 lectum
970 2063 1133 2140 suspenda-

66 2161 98 2210 18
118 2157 168 2210 tur
191 2148 250 2210 illis
273 2156 401 2231 myrtus,
427 2151 558 2210 remedio
582 2151 648 2210 erit.
693 2150 738 2209 dd
762 2151 943 2228 suspiriosos
966 2150 1132 2212 remedium

118 2236 260 2298 salutare:
280 2237 420 2316 Spumam
441 2237 477 2296 de
496 2255 547 2297 ore
566 2237 663 2298 mulae
683 2237 788 2316 collige
808 2246 838 2298 et
857 2240 887 2298 in
907 2237 1029 2298 calicem
1045 2241 1132 2300 mitte
1203 2235 1206 2240 ’

118 2332 207 2402 atque
236 2343 271 2384 er
299 2343 375 2403 aqua
403 2323 496 2384 calida
523 2327 584 2384 sive
612 2327 676 2385 viro
705 2343 758 2386 seu
786 2326 926 2408 feminae,
955 2345 1030 2405 quae
1054 2327 1131 2388 hanc

117 2411 282 2472 molestiam
296 2413 417 2492 patitur,
432 2413 574 2472 continuo
590 2413 626 2472 da
641 2412 812 2495 bibendam;
828 2408 918 2475 homo
933 2417 1032 2476 statim
1047 2433 1131 2476 sana·
1147 2431 1173 2472 aa

66 2515 98 2564 19
118 2498 213 2580 bitur,
242 2499 294 2559 sed
323 2499 402 2560 mula
430 2501 584 2560 morietur.
629 2500 673 2560 Ad
702 2503 882 2581 suspiriosos
913 2503 1059 2564 sanandos
1091 2505 1132 2566 fel

118 2589 255 2648 ursinum
278 2606 353 2666 aqua
377 2586 503 2649 dilutum
527 2587 689 2649 bibendum
713 2592 824 2670 optime
844 2591 939 2672 datur,
962 2594 1040 2652 intra
1059 2611 1132 2671 pau·

64 2688 99 2738 20
118 2694 170 2737 cos
198 2677 277 2737 enim
306 2676 369 2736 dies
397 2683 535 2756 potenter
562 2677 707 2739 medetur.
752 2679 796 2739 Ad
825 2682 1005 2758 suspiriosos
1036 2699 1131 2742 reme-

117 2766 198 2826 dium
223 2773 343 2845 potens:
366 2764 482 2826 llerbae
508 2765 645 2828 salutaris
669 2767 843 2829 fasciculum
862 2777 892 2829 et
910 2769 1034 2829 ficorum
1054 2770 1132 2831 Afri·

118 2872 260 2915 canorum
283 2854 434 2915 aridorum
458 2854 596 2916 selibram
620 2875 657 2917 er
675 2875 768 2937 aquae
787 2857 913 2918 fluvialis
931 2857 1060 2919 heminis
1079 2862 1132 2920 tri·
1146 2875 1173 2916 oo

117 2942 174 3004 bus
194 2944 352 3024 decoquito
371 2945 407 3005 ad
426 2943 574 3005 heminam
594 2964 718 3026 eamque
737 2949 821 3024 potui
838 2946 905 3007 dato
919 2964 974 3024 per
988 2947 1132 3010 triduum.

65 3043 98 3092 21
207 3033 250 3092 dd
275 3034 427 3112 sanguinis
451 3035 639 3113 eruptionem
663 3036 725 3094 sive
749 3053 783 3094 ex
803 3037 911 3095 arteria
930 3037 991 3094 sive
1010 3053 1046 3095 ex
1066 3036 1131 3113 pul·

117 3139 204 3182 mone
228 3120 275 3181 vel
297 3129 420 3200 pectore
439 3120 514 3181 bene
534 3121 605 3181 facit
623 3121 772 3201 symphyti
789 3123 882 3204 radix,
902 3141 988 3202 quam
1010 3123 1131 3202 quidam

204 3273 348 3341 deperiit
371 3273 438 3340 (scre
459 3273 582 3341 semper).
673 3273 795 3342 hysopi.
887 3281 902 3329 'f
921 3275 1061 3348 detracta]
1085 3293 1129 3332 re·

114 3343 215 3397 tracta
252 3342 278 3396 A
299 3347 378 3411 paret
400 3343 474 3396 huuc
498 3343 586 3397 locem
609 3342 714 3410 aliquot
735 3344 822 3398 corbas
845 3347 951 3400 omasois
969 3352 1129 3416 corruptum

114 3429 176 3468 ecce.
229 3418 262 3466 14
277 3359 405 3466 bulbum.
446 3416 493 3493 ,18
512 3413 670 3482 perungeri.
725 3420 759 3469 26
779 3412 955 3482 suspiriosus.
1010 3423 1044 3470 31
1060 3418 1128 3472 cmi·

112 3499 188 3536 nam.
262 3486 296 3534 33
315 3484 462 3551 sympeuh.
