2438 3802
513 160 549 169 -
599 124 752 188 340-

69 300 104 349 49
212 287 402 365 Apostemata
425 295 459 346 ut
482 284 687 346 remolliantur
711 292 762 345 aut
785 287 812 344 si
834 284 931 344 mollia
955 285 1087 368 suerint,
1116 297 1153 350 ut

123 375 345 455 dispargantur,
372 376 463 435 facies
485 374 733 434 medicamentum
757 372 828 453 tale,
852 391 910 452 quo
934 372 1009 433 nihil
1036 384 1150 453 poten·

123 465 182 524 tius
211 472 270 524 est:
302 462 418 523 Herbae
446 462 592 522 marrubii
620 461 687 522 folia
716 461 821 522 viridia
847 461 1013 522 contundes
1040 473 1097 525 aut
1123 468 1150 526 si

122 553 227 613 viridia
250 570 310 612 non
334 552 455 630 luerint,
477 549 608 610 involuta
632 550 710 610 loliis
733 549 844 610 malvae
867 549 913 610 vel
936 567 1149 627 personaceae

122 640 177 701 sub
206 644 306 700 cinere
336 639 430 698 calido
458 656 582 718 coques3
610 637 717 698 deinde
745 657 851 716 panem
877 636 1038 698 candidum
1064 642 1175 704 insu-s

122 747 189 788 sum
212 731 279 787 vino
304 728 399 786 veteri
421 724 511 786 addes
535 735 564 786 et
586 730 741 805 axungiam
760 725 901 786 miscebis
920 735 950 786 et
968 727 1087 790 tundes
1108 731 1148 792 de

121 814 201 893 ligno
229 817 261 873 in
290 813 386 892 lignea
412 813 485 894 pila,
516 813 567 874 sed
597 814 782 893 observabis,
810 822 845 874 ut
872 816 956 892 panis
984 816 1084 878 infusi
1115 828 1149 881 et

122 904 265 979 axungiae
281 910 381 979 partes
397 901 528 980 singulae
543 904 612 982 sint,
629 902 740 963 herbae
754 920 824 963 vero
838 910 938 982 partes
953 902 1040 984 duae,
1060 908 1146 985 quod

122 989 274 1068 emplastri
298 1007 380 1050 more
403 1009 489 1051 mane
512 999 542 1051 et
566 1009 633 1051 sero
657 991 730 1051 locis
754 993 931 1051 necessariis
953 993 1107 1069 impones.

68 1091 102 1140 50
212 1077 387 1157 Inguinibus
404 1079 538 1139 mirabile
553 1078 672 1140 exhibet
686 1078 851 1140 remedium
865 1098 902 1139 ex
916 1079 1083 1157 gallinacea
1100 1084 1146 1144 ala
1161 1101 1184 1141 lo

123 1167 285 1227 ossiculum
305 1174 471 1228 extremum
492 1167 638 1228 cocleario
656 1167 841 1228 terebratum
859 1167 1004 1246 nodisque
1021 1181 1146 1249 septem

122 1255 190 1315 licio
214 1255 337 1334 ligatum
361 1264 449 1335 atque
472 1258 514 1317 ita
536 1255 657 1316 brachio
681 1255 727 1316 vel
748 1257 831 1315 cruri
850 1258 914 1316 eius
932 1259 1036 1337 partiS,
1064 1278 1145 1339 quae

121 1346 243 1422 inguina
266 1343 365 1424 habet,
388 1363 574 1423 suspensum.

70 1444 104 1493 61
213 1432 319 1510 Lipara
338 1432 374 1491 ad
393 1434 596 1509 intertrigines
615 1435 671 1492 sic:
695 1431 847 1512 Cerussae,
869 1450 990 1510 spumae
1010 1441 1146 1519 argenti,

122 1519 268 1580 medullae
287 1522 433 1601 cervinae,
452 1522 514 1580 sevi
533 1523 645 1580 cervini
663 1519 755 1580 libras
770 1520 908 1599 singulas,
927 1539 1053 1582 ovorum
1071 1535 1185 1588 octo1e

122 1607 230 1688 album,
254 1609 316 1667 vini
340 1607 410 1667 honi
429 1610 595 1687 quartarios
613 1607 676 1686 1111,
694 1610 771 1668 turis
790 1608 909 1686 pollinis
927 1611 1032 1670 uncias
1052 1624 1146 1690 quat·

121 1705 199 1778 tuor,
215 1714 300 1756 rosae
315 1695 479 1774 Campanae
493 1695 525 1756 P.
540 1714 642 1776 unum,
657 1696 794 1757 aluminis
808 1699 998 1758 semunciam.
1028 1698 1145 1764 Cerus-

121 1802 184 1844 sam
213 1793 243 1844 et
271 1802 404 1863 spumam
433 1785 554 1864 tundes,
585 1792 683 1845 cetera
711 1787 846 1854 remittes
874 1793 904 1846 et
931 1787 962 1845 in
989 1794 1144 1852 mortario

120 1873 245 1933 terendo
270 1875 407 1934 universa
430 1873 579 1934 miscebis,

67 1973 101 2024 tt
209 1961 396 2040 Porriginem
419 1964 642 2040 intertriginum
665 1962 828 2021 interficies
846 1962 904 2022 hoc
922 1962 1143 2030 medicamine:
1158 1987 1184 2026 so

120 2049 208 2131 Picis,
233 2052 359 2130 resinae,
383 2069 477 2131 cerae,
501 2051 610 2130 butyri,
635 2051 697 2110 sevi
720 2052 847 2130 caprini,
871 2068 993 2128 spumae
1017 2059 1144 2132 argenti

119 2141 217 2198 unciis
241 2138 366 2216 singulis
388 2142 420 2199 in
443 2159 536 2200 unum
559 2139 723 2218 permixtis,
747 2140 773 2198 si
796 2140 890 2198 utaris
912 2138 1045 2200 adsidue.

509 2332 587 2392 CAP.
610 2331 741 2391 xxxiii.

119 2439 278 2507 cepas-iae
307 2442 342 2495 et
368 2443 503 2496 veretro
527 2441 597 2496 sive
621 2442 779 2498 verendis
802 2441 959 2499 virilibus
982 2445 1017 2498 et
1039 2446 1138 2502 testi-

119 2525 206 2582 culis
234 2525 428 2583 dolentibus
456 2529 513 2584 vel
538 2529 766 2598 pendentibus
798 2534 833 2586 et
861 2531 1028 2587 herniosis
1060 2534 1137 2591 sive

119 2614 200 2670 viris
228 2614 299 2670 sive
326 2614 513 2673 infantibus
541 2619 575 2672 et
602 2617 706 2674 rebus
734 2618 878 2674 veneriis
905 2622 941 2674 et
963 2621 1134 2676 eunuchis

119 2702 191 2760 sine
218 2704 312 2760 ferro
340 2703 505 2761 faciendis
526 2706 677 2762 remedia
699 2707 839 2777 physion
862 2710 897 2763 et
919 2707 1134 2766 rationabilia

391 2793 523 2851 diversa
547 2796 589 2851 de
613 2795 862 2866 experimentis.

85 2941 99 2988 1
207 2928 251 2989 Ad
278 2930 410 2991 testiculi
437 2938 569 2992 tumores
597 2934 732 3011 cupressi
760 2931 850 2992 bacae
878 2950 914 2991 ex
936 2933 1005 2992 vino
1028 2941 1135 2994 coctae

119 3019 301 3078 conveniunt
328 3028 359 3079 et
387 3019 452 3080 faba
481 3023 567 3098 quasi
599 3019 751 3080 concicula
785 3037 853 3080 cum
885 3019 978 3080 multo
1011 3024 1134 3082 cumino

39 3113 43 3149 ¹
119 3113 203 3166 cocta
227 3115 257 3166 et
280 3107 414 3186 adposita
437 3127 520 3168 more
544 3108 760 3187 cataplasmatis
784 3125 901 3168 necnon
920 3116 949 3168 et
968 3125 1024 3168 uva
1043 3127 1134 3186 passa
1149 3129 1177 3170 ss

119 3212 188 3253 cum
216 3197 335 3255 cumino
364 3203 487 3256 contusa
515 3204 545 3256 et
572 3204 677 3275 tepens
700 3196 833 3275 adposita
857 3196 1019 3276 plurimum
1042 3199 1134 3274 prod-

120 3289 178 3362 est3
207 3282 243 3342 ad
273 3285 383 3343 veretri
406 3301 476 3344 vero
499 3293 647 3345 tumorem
670 3284 780 3345 lentem
804 3303 839 3345 ex
863 3303 938 3364 aqua
962 3293 1077 3345 coctam
1102 3296 1134 3348 et

119 3371 219 3429 tritam
243 3373 356 3450 imponi
379 3371 569 3433 utilissimum
593 3382 646 3434 est.
690 3427 696 3439 .

84 3468 100 3516 2
210 3457 242 3516 Si
269 3458 354 3519 ulcus
382 3463 412 3520 in
440 3479 517 3539 pene
545 3461 696 3522 sordidum
725 3462 816 3524 luerit
844 3469 895 3524 aut
922 3480 1028 3524 cancer
1056 3462 1132 3525 illud
