2438 3802
481 172 725 239 -257-

94 344 232 400 conteres
257 343 287 396 et
310 332 451 397 miscebis
475 343 505 396 et
528 337 559 396 in
582 335 698 397 balineo
722 335 816 397 calido
838 337 996 398 bibendam
1014 339 1110 418 potio·

93 445 163 488 nem
186 423 280 506 dabis,
304 426 413 486 mirum
437 433 490 485 est.

183 514 227 575 Ad
250 516 353 576 urinae
373 513 577 575 difficultatem
596 521 627 574 et
645 512 791 575 calculum
810 513 916 575 lotium
934 532 1109 598 caprunum,
1128 526 1165 576 22

94 605 148 664 sed
171 611 344 664 montanum
372 602 506 681 tepidum
533 604 631 682 potari
654 610 773 683 oportet
795 602 925 664 admixto
949 605 1016 664 vino
1041 623 1110 665 cum

66 713 80 751 a
96 711 172 772 aqua
191 691 229 752 ob
248 691 413 771 fastidium,
432 693 582 770 cyminum
602 709 721 771 quoque
736 690 917 775 Africanum,
936 691 1015 772 quod
1031 710 1109 753 sum·

94 783 197 841 mitate
219 783 311 841 trium
335 780 495 858 digitorum
519 781 652 859 potueris
675 780 837 861 prendere,
865 799 901 840 ex
924 783 993 841 viuo
1017 784 1109 842 mixto

95 868 224 931 calidum
247 868 374 930 bibatur.

184 958 228 1019 Ad
248 960 351 1019 urinae
370 957 575 1018 difficultatem
593 959 707 1018 urticae
727 964 871 1037 quantum
885 957 1000 1020 duabus
1017 962 1108 1020 mani·
1128 969 1163 1018 23

93 1047 150 1108 bus
169 1046 308 1126 amplecti
326 1048 461 1124 potueris
480 1045 654 1106 fasciculum
674 1064 742 1106 cum
756 1049 817 1107 vini
831 1049 937 1126 congio
952 1047 1109 1110 decoctum

50 1154 79 1194 ro
93 1136 129 1197 ad
160 1136 236 1196 duos
263 1136 408 1201 sextarios
436 1134 554 1214 rediges
582 1142 612 1194 21
635 1152 721 1195 mane
744 1133 907 1196 bibendum
930 1137 1030 1197 ieiuno
1054 1155 1108 1215 per

91 1224 225 1286 triduum
248 1223 340 1285 dabis.

181 1312 297 1374 Herbae
317 1311 503 1373 Mercurialis
522 1329 558 1372 ex
572 1329 648 1391 aqua
663 1311 802 1372 decoctae
817 1313 864 1372 ius
879 1311 994 1372 adiecta
1007 1331 1107 1392 myrra
1127 1323 1162 1372 24

92 1404 163 1462 trita
185 1404 317 1462 vessicae
340 1400 569 1480 lumborumque
588 1399 740 1461 doloribus
760 1399 907 1482 subvenit,
926 1402 953 1461 si
971 1419 987 1461 a
1006 1402 1107 1462 ieiuno

93 1498 213 1570 potetur
236 1490 367 1551 adsidue.

51 1597 78 1638 15
181 1579 226 1639 Ad
250 1579 409 1660 dysuriam,
431 1578 463 1639 id
486 1585 532 1639 est
550 1579 654 1638 urinae
673 1576 887 1658 difficultatem,
911 1586 941 1638 et
960 1577 1106 1641 calculum
1126 1590 1161 1640 25

93 1668 215 1730 echinos
234 1675 298 1729 tere
318 1686 387 1728 cum
405 1666 516 1729 aculeis
535 1667 598 1727 suis
618 1674 648 1727 21
667 1685 703 1726 ex
724 1665 819 1726 mulsa
838 1685 914 1746 aqua
934 1667 1108 1747 frequenter

93 1759 233 1837 accipito,
262 1756 299 1816 ad
326 1756 473 1818 calculum
501 1763 600 1817 autem
625 1753 694 1816 rubi
717 1754 832 1816 radices
856 1757 921 1816 sine
944 1757 1025 1816 ferro
1049 1757 1107 1818 col·

93 1846 169 1924 liges
201 1844 334 1924 lotasque
368 1844 525 1924 diligenter
556 1846 589 1904 in
616 1842 673 1903 olla
700 1861 775 1904 nova
803 1862 913 1922 coques
941 1853 971 1905 et
998 1863 1034 1905 ex
1063 1864 1108 1927 eo,

95 1933 174 2014 quod
198 1933 357 2016 decoxerit,
381 1951 450 1995 oum
473 1934 551 2013 vino,
574 1934 600 1992 si
622 1949 683 1992 non
702 1931 892 2013 febricitabit,
916 1951 951 1994 ex
973 1952 1057 2014 aqua,
1081 1937 1107 1996 si

51 2040 79 2080 22
94 2023 370 2104 incommodabitur,
393 2022 556 2083 bibendum
579 2020 671 2082 dabis.

182 2111 288 2173 Cancri
309 2119 416 2172 testam
435 2110 593 2190 diligenter
612 2118 691 2170 teres
710 2116 741 2170 et
759 2111 826 2170 vino
846 2109 985 2170 subdulci
1001 2112 1105 2172 misce·
1124 2123 1159 2172 26

92 2201 139 2260 bis
167 2209 197 2261 et
225 2200 350 2261 colatam
377 2201 529 2279 potionem
557 2197 640 2259 dabis
668 2197 827 2258 bibendam
856 2200 896 2279 ei,
924 2201 977 2278 qui
1000 2199 1106 2261 calculi

92 2288 226 2350 molestia
250 2288 403 2350 laborabit.
444 2287 561 2349 Herbae
584 2286 741 2348 mileloliae
768 2319 806 2330 -
827 2286 854 2347 ll
877 2294 907 2347 et
930 2290 1004 2368 eiuS,
1030 2307 1105 2368 quae
1124 2301 1159 2352 27

90 2377 184 2439 herba
212 2396 296 2438 sacra
319 2377 445 2458 dicitur,
471 2375 647 2437 tantundem
669 2384 750 2437 teres
774 2385 804 2437 et
827 2394 938 2456 coques
967 2395 1002 2436 ex
1031 2396 1106 2457 aqua

49 2483 77 2524 os
93 2476 123 2527 21
155 2485 192 2527 ex
225 2465 311 2527 melle
344 2473 432 2545 atque
464 2467 504 2526 ita
536 2464 695 2526 bibendam
728 2464 811 2526 dabis
843 2467 947 2526 urinae
980 2466 1105 2528 difficul-

91 2563 151 2616 tate
176 2563 206 2616 et
229 2554 343 2616 calculo
366 2554 519 2616 laboranti.
558 2553 659 2614 Mense
678 2552 838 2614 Novembri
861 2563 929 2615 ante
948 2553 1018 2616 ldus
1042 2574 1104 2616 eas·
1123 2568 1158 2618 28

92 2643 160 2704 dem
188 2662 289 2704 semen
317 2644 425 2704 fraxini
453 2642 574 2723 colliges
607 2651 637 2703 21
666 2645 698 2702 in
725 2643 826 2720 tepido
854 2643 942 2704 furno
971 2643 1105 2723 siccabis,

92 2732 140 2792 die
168 2739 287 2809 postera
316 2734 459 2793 siccatum
487 2731 594 2792 tundes
625 2739 655 2790 et
684 2729 831 2791 cribrabis
861 2739 891 2790 et
918 2749 1046 2809 repones
1074 2740 1104 2792 et

92 2838 130 2880 ex
156 2837 191 2879 eo
215 2818 299 2880 dabis
322 2820 468 2882 calculoso
492 2820 528 2881 ad
553 2820 631 2880 diem
654 2836 723 2880 cum
741 2820 809 2877 vino
828 2826 928 2878 vetere
946 2817 1105 2879 bibendam

49 2927 78 2967 22
93 2906 215 2986 ligulam
238 2927 336 2970 unam.

181 2997 225 3058 Ad
246 2999 364 3059 renium
382 2997 515 3059 dolorem
534 2995 697 3056 remedium
718 2996 773 3056 sic:
797 2993 864 3074 Apii
883 2994 1005 3053 seminis
1025 3025 1064 3035 -
1081 2992 1103 3076 l,
1122 3008 1156 3056 29

91 3085 214 3148 feniculi
241 3089 363 3148 seminis
395 3086 483 3168 -1‚
510 3086 622 3164 piperis
650 3085 841 3145 semunciam.
882 3082 926 3141 Ex
954 3081 1000 3142 bis
1028 3081 1104 3142 bene

91 3177 196 3236 tritum
220 3184 250 3237 21
278 3175 441 3238 cribratum
464 3174 617 3253 pulverem
641 3173 732 3234 iacies
760 3182 790 3235 et
812 3170 936 3233 habebis
960 3179 1104 3253 paratum,

91 3272 133 3345 ut,
157 3283 226 3325 cum
249 3283 324 3344 opus
347 3265 448 3346 luerit,
471 3263 603 3324 cocleare
627 3262 748 3342 plenum
766 3265 797 3323 in
817 3260 910 3323 calida
929 3279 1004 3341 aqua
1023 3260 1105 3323 bibat

50 3367 78 3409 os
91 3353 219 3434 ieiunus,
243 3356 295 3433 qui
319 3353 420 3414 dolore
443 3354 560 3414 renium
586 3351 740 3413 laborabit.

181 3547 215 3596 29
233 3541 392 3598 bibendum.
466 3547 500 3599 80
518 3539 620 3617 uuam]
638 3543 693 3602 esi.

135 3639 295 3693 uouemus,
309 3650 349 3683 nn.
364 3643 530 3688 Hermon.
