<?xml version="1.0" encoding="UTF-8"?>
<!DOCTYPE html PUBLIC "-//W3C//DTD XHTML 1.0 Transitional//EN"
    "http://www.w3.org/TR/xhtml1/DTD/xhtml1-transitional.dtd">
<html xmlns="http://www.w3.org/1999/xhtml" xml:lang="en" lang="en">
 <head>
  <title>
</title>
<meta http-equiv="Content-Type" content="text/html;charset=utf-8" />
  <meta name='ocr-system' content='tesseract 3.04.00' />
  <meta name='ocr-capabilities' content='ocr_page ocr_carea ocr_par ocr_line ocrx_word'/>
</head>
<body>
  <div class='ocr_page' id='page_1' title='image "./marcellidemedic01helmgoog_0283.png"; bbox 0 0 2438 3802; ppageno 0'>
   <div class='ocr_carea' id='block_1_1' title="bbox 494 151 736 217">
    <p class='ocr_par' dir='ltr' id='par_1_1' title="bbox 494 151 736 217">
     <span class='ocr_line' id='line_1_1' title="bbox 494 151 736 217; baseline 0 0"><span class='ocrx_word' id='word_1_1' title='bbox 494 187 529 198; x_wconf 90' lang='lat'><em>-</em></span> <span class='ocrx_word' id='word_1_2' title='bbox 581 151 736 217; x_wconf 76' lang='lat'><strong>272-</strong></span> 
     </span>
    </p>
   </div>
   <div class='ocr_carea' id='block_1_2' title="bbox 67 316 1153 3239">
    <p class='ocr_par' dir='ltr' id='par_1_2' title="bbox 104 316 1141 926">
     <span class='ocr_line' id='line_1_2' title="bbox 105 316 1120 395; baseline 0.002 -19"><span class='ocrx_word' id='word_1_3' title='bbox 105 316 216 395; x_wconf 89' lang='lat' dir='ltr'>pastilli</span> <span class='ocrx_word' id='word_1_4' title='bbox 230 317 420 378; x_wconf 90' lang='lat' dir='ltr'>denariorum</span> <span class='ocrx_word' id='word_1_5' title='bbox 435 316 621 395; x_wconf 83' lang='lat' dir='ltr'>singulorum</span> <span class='ocrx_word' id='word_1_6' title='bbox 636 324 687 376; x_wconf 92' lang='lat' dir='ltr'>aut</span> <span class='ocrx_word' id='word_1_7' title='bbox 702 317 880 395; x_wconf 88' lang='lat' dir='ltr'>semissium,</span> <span class='ocrx_word' id='word_1_8' title='bbox 900 321 934 376; x_wconf 90' lang='lat' dir='ltr'>ut</span> <span class='ocrx_word' id='word_1_9' title='bbox 948 317 1034 377; x_wconf 90' lang='lat' dir='ltr'>iuxta</span> <span class='ocrx_word' id='word_1_10' title='bbox 1048 323 1120 378; x_wconf 91' lang='lat' dir='ltr'>aeta-</span> 
     </span>
     <span class='ocr_line' id='line_1_3' title="bbox 106 404 1120 468; baseline -0.001 -3"><span class='ocrx_word' id='word_1_11' title='bbox 106 413 167 466; x_wconf 86' lang='lat' dir='ltr'>tem</span> <span class='ocrx_word' id='word_1_12' title='bbox 195 413 246 468; x_wconf 90' lang='lat' dir='ltr'>aut</span> <span class='ocrx_word' id='word_1_13' title='bbox 273 406 472 467; x_wconf 89' lang='lat' dir='ltr'>valetudinem</span> <span class='ocrx_word' id='word_1_14' title='bbox 501 405 618 466; x_wconf 86' lang='lat' dir='ltr'><strong>dentur.</strong></span> <span class='ocrx_word' id='word_1_15' title='bbox 659 404 774 466; x_wconf 81' lang='lat' dir='ltr'>Dantur</span> <span class='ocrx_word' id='word_1_16' title='bbox 801 412 903 465; x_wconf 89' lang='lat' dir='ltr'>autem</span> <span class='ocrx_word' id='word_1_17' title='bbox 924 405 1037 466; x_wconf 89' lang='lat' dir='ltr'>ieiunis</span> <span class='ocrx_word' id='word_1_18' title='bbox 1060 407 1120 466; x_wconf 89' lang='lat' dir='ltr'>sine</span> 
     </span>
     <span class='ocr_line' id='line_1_4' title="bbox 105 492 1120 574; baseline 0.001 -20"><span class='ocrx_word' id='word_1_19' title='bbox 105 495 188 556; x_wconf 87' lang='lat' dir='ltr'>lehre</span> <span class='ocrx_word' id='word_1_20' title='bbox 213 514 248 556; x_wconf 90' lang='lat' dir='ltr'>ex</span> <span class='ocrx_word' id='word_1_21' title='bbox 272 497 333 555; x_wconf 91' lang='lat' dir='ltr'>vini</span> <span class='ocrx_word' id='word_1_22' title='bbox 355 496 463 574; x_wconf 82' lang='lat' dir='ltr'><strong>myrtei</strong></span> <span class='ocrx_word' id='word_1_23' title='bbox 486 501 537 554; x_wconf 89' lang='lat' dir='ltr'>aut</span> <span class='ocrx_word' id='word_1_24' title='bbox 561 494 677 573; x_wconf 85' lang='lat' dir='ltr'>Signini</span> <span class='ocrx_word' id='word_1_25' title='bbox 701 493 806 573; x_wconf 83' lang='lat' dir='ltr'>cyatho</span> <span class='ocrx_word' id='word_1_26' title='bbox 829 511 889 554; x_wconf 90' lang='lat' dir='ltr'>uno</span> <span class='ocrx_word' id='word_1_27' title='bbox 915 511 986 554; x_wconf 89' lang='lat' dir='ltr'>cum</span> <span class='ocrx_word' id='word_1_28' title='bbox 1007 492 1120 555; x_wconf 89' lang='lat' dir='ltr'>duobus</span> 
     </span>
     <span class='ocr_line' id='line_1_5' title="bbox 105 581 1120 663; baseline -0.002 -18"><span class='ocrx_word' id='word_1_29' title='bbox 105 603 198 663; x_wconf 90' lang='lat' dir='ltr'>aquae</span> <span class='ocrx_word' id='word_1_30' title='bbox 222 586 323 658; x_wconf 90' lang='lat' dir='ltr'>mixto,</span> <span class='ocrx_word' id='word_1_31' title='bbox 347 581 586 643; x_wconf 81' lang='lat' dir='ltr'>febricitantibus</span> <span class='ocrx_word' id='word_1_32' title='bbox 610 600 679 643; x_wconf 89' lang='lat' dir='ltr'>vero</span> <span class='ocrx_word' id='word_1_33' title='bbox 704 600 740 642; x_wconf 89' lang='lat' dir='ltr'>ex</span> <span class='ocrx_word' id='word_1_34' title='bbox 763 600 856 662; x_wconf 89' lang='lat' dir='ltr'>aquae</span> <span class='ocrx_word' id='word_1_35' title='bbox 880 581 997 662; x_wconf 80' lang='lat' dir='ltr'>cyathis</span> <span class='ocrx_word' id='word_1_36' title='bbox 1016 581 1120 644; x_wconf 84' lang='lat' dir='ltr'>tribus.</span> 
     </span>
     <span class='ocr_line' id='line_1_6' title="bbox 104 670 1141 752; baseline 0.001 -20"><span class='ocrx_word' id='word_1_37' title='bbox 104 672 168 733; x_wconf 90' lang='lat' dir='ltr'>Hoc</span> <span class='ocrx_word' id='word_1_38' title='bbox 188 675 289 737; x_wconf 24' lang='lat' dir='ltr'>,etiam</span> <span class='ocrx_word' id='word_1_39' title='bbox 320 690 376 750; x_wconf 93' lang='lat' dir='ltr'>per</span> <span class='ocrx_word' id='word_1_40' title='bbox 404 671 576 750; x_wconf 86' lang='lat' dir='ltr'>clysterium</span> <span class='ocrx_word' id='word_1_41' title='bbox 603 673 777 752; x_wconf 87' lang='lat' dir='ltr'>inmittitur,</span> <span class='ocrx_word' id='word_1_42' title='bbox 811 672 949 750; x_wconf 89' lang='lat' dir='ltr'>quotiens</span> <span class='ocrx_word' id='word_1_43' title='bbox 982 670 1141 734; x_wconf 82' lang='lat' dir='ltr'>desumo-t</span> 
     </span>
     <span class='ocr_line' id='line_1_7' title="bbox 104 759 1121 841; baseline 0.001 -22"><span class='ocrx_word' id='word_1_44' title='bbox 104 762 203 820; x_wconf 89' lang='lat' dir='ltr'>xerint</span> <span class='ocrx_word' id='word_1_45' title='bbox 225 761 391 841; x_wconf 82' lang='lat' dir='ltr'>torminosi,</span> <span class='ocrx_word' id='word_1_46' title='bbox 415 759 523 839; x_wconf 93' lang='lat' dir='ltr'>quibus</span> <span class='ocrx_word' id='word_1_47' title='bbox 547 768 577 820; x_wconf 91' lang='lat' dir='ltr'>et</span> <span class='ocrx_word' id='word_1_48' title='bbox 601 763 626 821; x_wconf 89' lang='lat' dir='ltr'>si</span> <span class='ocrx_word' id='word_1_49' title='bbox 649 761 779 838; x_wconf 80' lang='lat' dir='ltr'>graviter</span> <span class='ocrx_word' id='word_1_50' title='bbox 801 759 904 821; x_wconf 88' lang='lat' dir='ltr'>afflicti</span> <span class='ocrx_word' id='word_1_51' title='bbox 926 768 999 821; x_wconf 80' lang='lat' dir='ltr'>sumt</span> <span class='ocrx_word' id='word_1_52' title='bbox 1024 762 1121 822; x_wconf 90' lang='lat' dir='ltr'>statim</span> 
     </span>
     <span class='ocr_line' id='line_1_8' title="bbox 104 847 1002 926; baseline -0.006 -18"><span class='ocrx_word' id='word_1_53' title='bbox 104 847 235 926; x_wconf 90' lang='lat' dir='ltr'>prodest.</span> <span class='ocrx_word' id='word_1_54' title='bbox 998 896 1002 903; x_wconf 92' lang='lat'>.</span> 
     </span>
    </p>

    <p class='ocr_par' dir='ltr' id='par_1_3' title="bbox 69 936 1153 2170">
     <span class='ocr_line' id='line_1_9' title="bbox 69 936 1120 1019; baseline 0 -21"><span class='ocrx_word' id='word_1_55' title='bbox 69 950 85 998; x_wconf 83' lang='lat'><strong>2</strong></span> <span class='ocrx_word' id='word_1_56' title='bbox 193 936 238 996; x_wconf 81' lang='lat' dir='ltr'>Ad</span> <span class='ocrx_word' id='word_1_57' title='bbox 266 936 423 1019; x_wconf 80' lang='lat' dir='ltr'>coeliacos,</span> <span class='ocrx_word' id='word_1_58' title='bbox 451 937 482 997; x_wconf 94' lang='lat' dir='ltr'>id</span> <span class='ocrx_word' id='word_1_59' title='bbox 505 945 552 998; x_wconf 92' lang='lat' dir='ltr'>est</span> <span class='ocrx_word' id='word_1_60' title='bbox 575 939 628 1017; x_wconf 93' lang='lat' dir='ltr'>qui</span> <span class='ocrx_word' id='word_1_61' title='bbox 650 936 748 998; x_wconf 90' lang='lat' dir='ltr'>subite</span> <span class='ocrx_word' id='word_1_62' title='bbox 772 945 803 998; x_wconf 89' lang='lat' dir='ltr'>et</span> <span class='ocrx_word' id='word_1_63' title='bbox 824 936 917 997; x_wconf 88' lang='lat' dir='ltr'>multa</span> <span class='ocrx_word' id='word_1_64' title='bbox 942 937 1120 1018; x_wconf 85' lang='lat' dir='ltr'>defundunt,</span> 
     </span>
     <span class='ocr_line' id='line_1_10' title="bbox 105 1024 1122 1088; baseline 0.002 -4"><span class='ocrx_word' id='word_1_65' title='bbox 105 1025 194 1085; x_wconf 87' lang='lat' dir='ltr'>etad</span> <span class='ocrx_word' id='word_1_66' title='bbox 218 1024 315 1085; x_wconf 84' lang='lat' dir='ltr'>alvum</span> <span class='ocrx_word' id='word_1_67' title='bbox 339 1028 459 1087; x_wconf 88' lang='lat' dir='ltr'>citatam</span> <span class='ocrx_word' id='word_1_68' title='bbox 488 1035 518 1087; x_wconf 90' lang='lat' dir='ltr'>et</span> <span class='ocrx_word' id='word_1_69' title='bbox 545 1027 582 1087; x_wconf 86' lang='lat' dir='ltr'>ad</span> <span class='ocrx_word' id='word_1_70' title='bbox 604 1026 680 1086; x_wconf 86' lang='lat' dir='ltr'>levia</span> <span class='ocrx_word' id='word_1_71' title='bbox 702 1026 854 1087; x_wconf 92' lang='lat' dir='ltr'>interdum</span> <span class='ocrx_word' id='word_1_72' title='bbox 876 1027 1008 1086; x_wconf 91' lang='lat' dir='ltr'>tormina</span> <span class='ocrx_word' id='word_1_73' title='bbox 1032 1027 1122 1088; x_wconf 92' lang='lat' dir='ltr'>medi·</span> 
     </span>
     <span class='ocr_line' id='line_1_11' title="bbox 105 1113 1152 1194; baseline 0.003 -21"><span class='ocrx_word' id='word_1_74' title='bbox 105 1122 273 1175; x_wconf 79' lang='lat' dir='ltr'>canentum</span> <span class='ocrx_word' id='word_1_75' title='bbox 305 1123 412 1194; x_wconf 92' lang='lat' dir='ltr'>potens</span> <span class='ocrx_word' id='word_1_76' title='bbox 446 1117 505 1176; x_wconf 92' lang='lat' dir='ltr'>sic:</span> <span class='ocrx_word' id='word_1_77' title='bbox 543 1113 707 1176; x_wconf 89' lang='lat' dir='ltr'>Sorborum</span> <span class='ocrx_word' id='word_1_78' title='bbox 741 1115 893 1175; x_wconf 91' lang='lat' dir='ltr'>aridorum</span> <span class='ocrx_word' id='word_1_79' title='bbox 924 1122 1152 1176; x_wconf 84' lang='lat' dir='ltr'>contusornmn</span> 
     </span>
     <span class='ocr_line' id='line_1_12' title="bbox 105 1200 1121 1286; baseline 0.004 -24"><span class='ocrx_word' id='word_1_80' title='bbox 105 1200 191 1284; x_wconf 61' lang='lat'>811,</span> <span class='ocrx_word' id='word_1_81' title='bbox 215 1204 288 1267; x_wconf 89' lang='lat' dir='ltr'>rhus</span> <span class='ocrx_word' id='word_1_82' title='bbox 313 1204 435 1286; x_wconf 85' lang='lat' dir='ltr'>Syriaci,</span> <span class='ocrx_word' id='word_1_83' title='bbox 460 1223 519 1284; x_wconf 93' lang='lat' dir='ltr'>quo</span> <span class='ocrx_word' id='word_1_84' title='bbox 545 1206 611 1265; x_wconf 92' lang='lat' dir='ltr'>coci</span> <span class='ocrx_word' id='word_1_85' title='bbox 633 1210 768 1284; x_wconf 90' lang='lat' dir='ltr'>utuntur,</span> <span class='ocrx_word' id='word_1_86' title='bbox 791 1201 824 1264; x_wconf 66' lang='lat' dir='ltr'>dr</span> <span class='ocrx_word' id='word_1_87' title='bbox 842 1202 878 1284; x_wconf 93' lang='lat' dir='ltr'>ll,</span> <span class='ocrx_word' id='word_1_88' title='bbox 903 1202 1121 1282; x_wconf 82' lang='lat' dir='ltr'>malagranata</span> 
     </span>
     <span class='ocr_line' id='line_1_13' title="bbox 104 1290 1121 1376; baseline 0.003 -25"><span class='ocrx_word' id='word_1_89' title='bbox 104 1295 236 1353; x_wconf 87' lang='lat' dir='ltr'>recentia</span> <span class='ocrx_word' id='word_1_90' title='bbox 265 1292 305 1376; x_wconf 88' lang='lat' dir='ltr'>X,</span> <span class='ocrx_word' id='word_1_91' title='bbox 332 1293 408 1354; x_wconf 91' lang='lat' dir='ltr'>mala</span> <span class='ocrx_word' id='word_1_92' title='bbox 437 1294 567 1374; x_wconf 88' lang='lat' dir='ltr'>cydonea</span> <span class='ocrx_word' id='word_1_93' title='bbox 596 1299 710 1352; x_wconf 88' lang='lat' dir='ltr'>matura</span> <span class='ocrx_word' id='word_1_94' title='bbox 735 1290 780 1353; x_wconf 73' lang='lat' dir='ltr'>X:</span> <span class='ocrx_word' id='word_1_95' title='bbox 812 1291 891 1352; x_wconf 87' lang='lat' dir='ltr'>llaec</span> <span class='ocrx_word' id='word_1_96' title='bbox 919 1298 1051 1371; x_wconf 87' lang='lat' dir='ltr'>utraque</span> <span class='ocrx_word' id='word_1_97' title='bbox 1075 1312 1121 1354; x_wconf 90' lang='lat' dir='ltr'>co-</span> 
     </span>
     <span class='ocr_line' id='line_1_14' title="bbox 105 1379 1121 1461; baseline 0.003 -21"><span class='ocrx_word' id='word_1_98' title='bbox 105 1389 215 1441; x_wconf 90' lang='lat' dir='ltr'>cuntur</span> <span class='ocrx_word' id='word_1_99' title='bbox 242 1384 273 1441; x_wconf 92' lang='lat' dir='ltr'>in</span> <span class='ocrx_word' id='word_1_100' title='bbox 301 1401 371 1461; x_wconf 92' lang='lat' dir='ltr'>sapa</span> <span class='ocrx_word' id='word_1_101' title='bbox 398 1383 475 1443; x_wconf 91' lang='lat' dir='ltr'>facta</span> <span class='ocrx_word' id='word_1_102' title='bbox 503 1400 539 1442; x_wconf 91' lang='lat' dir='ltr'>cx</span> <span class='ocrx_word' id='word_1_103' title='bbox 567 1383 658 1442; x_wconf 89' lang='lat' dir='ltr'>musti</span> <span class='ocrx_word' id='word_1_104' title='bbox 686 1380 782 1440; x_wconf 89' lang='lat' dir='ltr'>adhuc</span> <span class='ocrx_word' id='word_1_105' title='bbox 810 1383 841 1441; x_wconf 91' lang='lat' dir='ltr'>in</span> <span class='ocrx_word' id='word_1_106' title='bbox 870 1379 947 1440; x_wconf 94' lang='lat' dir='ltr'>dolio</span> <span class='ocrx_word' id='word_1_107' title='bbox 976 1381 1121 1443; x_wconf 81' lang='lat' dir='ltr'>ferventis</span> 
     </span>
     <span class='ocr_line' id='line_1_15' title="bbox 103 1468 1121 1551; baseline 0.001 -22"><span class='ocrx_word' id='word_1_108' title='bbox 103 1471 241 1530; x_wconf 86' lang='lat' dir='ltr'>sextariis</span> <span class='ocrx_word' id='word_1_109' title='bbox 264 1473 387 1550; x_wconf 85' lang='lat' dir='ltr'>triginta</span> <span class='ocrx_word' id='word_1_110' title='bbox 410 1489 472 1551; x_wconf 91' lang='lat' dir='ltr'>sex,</span> <span class='ocrx_word' id='word_1_111' title='bbox 495 1488 652 1550; x_wconf 88' lang='lat' dir='ltr'>quousque</span> <span class='ocrx_word' id='word_1_112' title='bbox 673 1469 710 1530; x_wconf 91' lang='lat' dir='ltr'>ad</span> <span class='ocrx_word' id='word_1_113' title='bbox 729 1471 873 1530; x_wconf 74' lang='lat' dir='ltr'>sextarios</span> <span class='ocrx_word' id='word_1_114' title='bbox 892 1468 1055 1530; x_wconf 89' lang='lat' dir='ltr'>duodecim</span> <span class='ocrx_word' id='word_1_115' title='bbox 1073 1471 1121 1531; x_wconf 92' lang='lat' dir='ltr'>de·</span> 
     </span>
     <span class='ocr_line' id='line_1_16' title="bbox 104 1558 1153 1637; baseline 0.003 -19"><span class='ocrx_word' id='word_1_116' title='bbox 104 1566 272 1637; x_wconf 88' lang='lat' dir='ltr'>coquantur</span> <span class='ocrx_word' id='word_1_117' title='bbox 300 1567 330 1619; x_wconf 89' lang='lat' dir='ltr'>et</span> <span class='ocrx_word' id='word_1_118' title='bbox 357 1559 452 1619; x_wconf 92' lang='lat' dir='ltr'>donec</span> <span class='ocrx_word' id='word_1_119' title='bbox 480 1558 626 1618; x_wconf 91' lang='lat' dir='ltr'>malorum</span> <span class='ocrx_word' id='word_1_120' title='bbox 654 1560 735 1618; x_wconf 92' lang='lat' dir='ltr'>coria</span> <span class='ocrx_word' id='word_1_121' title='bbox 757 1564 982 1637; x_wconf 78' lang='lat' dir='ltr'>percoquuntur</span> <span class='ocrx_word' id='word_1_122' title='bbox 1006 1567 1038 1619; x_wconf 93' lang='lat' dir='ltr'>et</span> <span class='ocrx_word' id='word_1_123' title='bbox 1062 1561 1121 1620; x_wconf 94' lang='lat' dir='ltr'>sint</span> <span class='ocrx_word' id='word_1_124' title='bbox 1132 1580 1153 1621; x_wconf 85' lang='lat' dir='ltr'>u</span> 
     </span>
     <span class='ocr_line' id='line_1_17' title="bbox 103 1646 1121 1728; baseline 0.002 -22"><span class='ocrx_word' id='word_1_125' title='bbox 103 1647 234 1728; x_wconf 76' lang='lat' dir='ltr'>madida,</span> <span class='ocrx_word' id='word_1_126' title='bbox 258 1646 365 1708; x_wconf 89' lang='lat' dir='ltr'>deinde</span> <span class='ocrx_word' id='word_1_127' title='bbox 389 1649 430 1707; x_wconf 90' lang='lat' dir='ltr'>ita</span> <span class='ocrx_word' id='word_1_128' title='bbox 450 1654 590 1708; x_wconf 90' lang='lat' dir='ltr'>teruntur</span> <span class='ocrx_word' id='word_1_129' title='bbox 608 1647 681 1707; x_wconf 86' lang='lat' dir='ltr'>haec</span> <span class='ocrx_word' id='word_1_130' title='bbox 699 1646 783 1707; x_wconf 87' lang='lat' dir='ltr'>fictili</span> <span class='ocrx_word' id='word_1_131' title='bbox 801 1647 952 1726; x_wconf 89' lang='lat' dir='ltr'>mortario,</span> <span class='ocrx_word' id='word_1_132' title='bbox 976 1655 1011 1707; x_wconf 92' lang='lat' dir='ltr'>nt</span> <span class='ocrx_word' id='word_1_133' title='bbox 1031 1665 1121 1726; x_wconf 84' lang='lat' dir='ltr'>grana</span> 
     </span>
     <span class='ocr_line' id='line_1_18' title="bbox 104 1734 1120 1817; baseline 0.002 -22"><span class='ocrx_word' id='word_1_134' title='bbox 104 1737 202 1796; x_wconf 88' lang='lat' dir='ltr'>omnia</span> <span class='ocrx_word' id='word_1_135' title='bbox 230 1738 482 1817; x_wconf 80' lang='lat' dir='ltr'>commInuantur,</span> <span class='ocrx_word' id='word_1_136' title='bbox 510 1743 615 1814; x_wconf 88' lang='lat' dir='ltr'>postea</span> <span class='ocrx_word' id='word_1_137' title='bbox 642 1735 715 1796; x_wconf 93' lang='lat' dir='ltr'>rhus</span> <span class='ocrx_word' id='word_1_138' title='bbox 743 1743 774 1796; x_wconf 93' lang='lat' dir='ltr'>et</span> <span class='ocrx_word' id='word_1_139' title='bbox 801 1734 890 1795; x_wconf 91' lang='lat' dir='ltr'>sorba</span> <span class='ocrx_word' id='word_1_140' title='bbox 917 1734 1000 1794; x_wconf 88' lang='lat' dir='ltr'>arida</span> <span class='ocrx_word' id='word_1_141' title='bbox 1030 1736 1120 1797; x_wconf 93' lang='lat' dir='ltr'>admi-</span> 
     </span>
     <span class='ocr_line' id='line_1_19' title="bbox 103 1824 1120 1904; baseline 0.002 -20"><span class='ocrx_word' id='word_1_142' title='bbox 103 1832 225 1885; x_wconf 89' lang='lat' dir='ltr'>scentur</span> <span class='ocrx_word' id='word_1_143' title='bbox 252 1833 340 1886; x_wconf 88' lang='lat' dir='ltr'>tunsa</span> <span class='ocrx_word' id='word_1_144' title='bbox 368 1833 399 1886; x_wconf 90' lang='lat' dir='ltr'>et</span> <span class='ocrx_word' id='word_1_145' title='bbox 426 1824 555 1886; x_wconf 90' lang='lat' dir='ltr'>cribrata</span> <span class='ocrx_word' id='word_1_146' title='bbox 583 1826 700 1886; x_wconf 91' lang='lat' dir='ltr'>curiose</span> <span class='ocrx_word' id='word_1_147' title='bbox 724 1832 753 1884; x_wconf 91' lang='lat' dir='ltr'>et</span> <span class='ocrx_word' id='word_1_148' title='bbox 776 1842 846 1885; x_wconf 91' lang='lat' dir='ltr'>cum</span> <span class='ocrx_word' id='word_1_149' title='bbox 869 1841 947 1904; x_wconf 89' lang='lat' dir='ltr'>sapa,</span> <span class='ocrx_word' id='word_1_150' title='bbox 973 1835 1120 1904; x_wconf 90' lang='lat' dir='ltr'>quaeest</span> 
     </span>
     <span class='ocr_line' id='line_1_20' title="bbox 103 1911 1119 1995; baseline 0.002 -23"><span class='ocrx_word' id='word_1_151' title='bbox 103 1913 231 1995; x_wconf 91' lang='lat' dir='ltr'>residua,</span> <span class='ocrx_word' id='word_1_152' title='bbox 250 1922 463 1994; x_wconf 87' lang='lat' dir='ltr'>temperantur.</span> <span class='ocrx_word' id='word_1_153' title='bbox 493 1913 638 1975; x_wconf 87' lang='lat' dir='ltr'>Omnibus</span> <span class='ocrx_word' id='word_1_154' title='bbox 658 1931 728 1991; x_wconf 83' lang='lat' dir='ltr'>ergo</span> <span class='ocrx_word' id='word_1_155' title='bbox 747 1914 779 1972; x_wconf 95' lang='lat' dir='ltr'>in</span> <span class='ocrx_word' id='word_1_156' title='bbox 797 1931 892 1973; x_wconf 91' lang='lat' dir='ltr'>unum</span> <span class='ocrx_word' id='word_1_157' title='bbox 910 1911 987 1973; x_wconf 88' lang='lat' dir='ltr'>bene</span> <span class='ocrx_word' id='word_1_158' title='bbox 1006 1915 1119 1976; x_wconf 89' lang='lat' dir='ltr'>coactis</span> 
     </span>
     <span class='ocr_line' id='line_1_21' title="bbox 103 2001 1152 2082; baseline 0.001 -21"><span class='ocrx_word' id='word_1_159' title='bbox 103 2006 259 2082; x_wconf 90' lang='lat' dir='ltr'>reponitur</span> <span class='ocrx_word' id='word_1_160' title='bbox 279 2005 529 2064; x_wconf 87' lang='lat' dir='ltr'>medicamentum</span> <span class='ocrx_word' id='word_1_161' title='bbox 547 2005 579 2064; x_wconf 94' lang='lat' dir='ltr'>in</span> <span class='ocrx_word' id='word_1_162' title='bbox 593 2005 689 2063; x_wconf 86' lang='lat' dir='ltr'>vitreo</span> <span class='ocrx_word' id='word_1_163' title='bbox 704 2019 783 2082; x_wconf 85' lang='lat' dir='ltr'>vaso,</span> <span class='ocrx_word' id='word_1_164' title='bbox 802 2001 910 2062; x_wconf 89' lang='lat' dir='ltr'>dantur</span> <span class='ocrx_word' id='word_1_165' title='bbox 924 2001 994 2061; x_wconf 93' lang='lat' dir='ltr'>inde</span> <span class='ocrx_word' id='word_1_166' title='bbox 1008 2004 1118 2064; x_wconf 91' lang='lat' dir='ltr'>ieiunis</span> <span class='ocrx_word' id='word_1_167' title='bbox 1130 2021 1152 2062; x_wconf 81' lang='lat' dir='ltr'>ro</span> 
     </span>
     <span class='ocr_line' id='line_1_22' title="bbox 103 2089 943 2170; baseline 0 -20"><span class='ocrx_word' id='word_1_168' title='bbox 103 2090 208 2170; x_wconf 83' lang='lat' dir='ltr'>ligulae</span> <span class='ocrx_word' id='word_1_169' title='bbox 233 2093 308 2154; x_wconf 91' lang='lat' dir='ltr'>duae</span> <span class='ocrx_word' id='word_1_170' title='bbox 331 2092 462 2154; x_wconf 90' lang='lat' dir='ltr'>veltres</span> <span class='ocrx_word' id='word_1_171' title='bbox 488 2095 552 2153; x_wconf 92' lang='lat' dir='ltr'>sine</span> <span class='ocrx_word' id='word_1_172' title='bbox 574 2091 664 2152; x_wconf 90' lang='lat' dir='ltr'>ullius</span> <span class='ocrx_word' id='word_1_173' title='bbox 688 2092 732 2151; x_wconf 92' lang='lat' dir='ltr'>rei</span> <span class='ocrx_word' id='word_1_174' title='bbox 756 2089 943 2151; x_wconf 86' lang='lat' dir='ltr'>admixtione.</span> 
     </span>
    </p>

    <p class='ocr_par' dir='ltr' id='par_1_4' title="bbox 67 2179 1152 3239">
     <span class='ocr_line' id='line_1_23' title="bbox 67 2179 1117 2242; baseline 0.002 -4"><span class='ocrx_word' id='word_1_175' title='bbox 67 2190 83 2238; x_wconf 83' lang='lat'><strong>3</strong></span> <span class='ocrx_word' id='word_1_176' title='bbox 191 2181 332 2242; x_wconf 90' lang='lat' dir='ltr'>Pastillus</span> <span class='ocrx_word' id='word_1_177' title='bbox 355 2181 391 2241; x_wconf 92' lang='lat' dir='ltr'>ad</span> <span class='ocrx_word' id='word_1_178' title='bbox 415 2183 594 2242; x_wconf 90' lang='lat' dir='ltr'>torminosos</span> <span class='ocrx_word' id='word_1_179' title='bbox 619 2181 766 2240; x_wconf 88' lang='lat' dir='ltr'>efficacior</span> <span class='ocrx_word' id='word_1_180' title='bbox 788 2179 944 2239; x_wconf 87' lang='lat' dir='ltr'>conficitur</span> <span class='ocrx_word' id='word_1_181' title='bbox 964 2181 1021 2239; x_wconf 87' lang='lat' dir='ltr'>sic:</span> <span class='ocrx_word' id='word_1_182' title='bbox 1046 2181 1117 2240; x_wconf 79' lang='lat' dir='ltr'>Aca·</span> 
     </span>
     <span class='ocr_line' id='line_1_24' title="bbox 103 2266 1118 2350; baseline 0.001 -22"><span class='ocrx_word' id='word_1_183' title='bbox 103 2271 165 2329; x_wconf 85' lang='lat' dir='ltr'>ciac</span> <span class='ocrx_word' id='word_1_184' title='bbox 185 2268 211 2328; x_wconf 82' lang='lat' dir='ltr'>li</span> <span class='ocrx_word' id='word_1_185' title='bbox 229 2269 292 2348; x_wconf 91' lang='lat' dir='ltr'>llll,</span> <span class='ocrx_word' id='word_1_186' title='bbox 316 2271 397 2329; x_wconf 92' lang='lat' dir='ltr'>croci</span> <span class='ocrx_word' id='word_1_187' title='bbox 416 2268 441 2328; x_wconf 83' lang='grc'>11</span> <span class='ocrx_word' id='word_1_188' title='bbox 460 2269 495 2350; x_wconf 88' lang='lat' dir='ltr'>ll,</span> <span class='ocrx_word' id='word_1_189' title='bbox 519 2269 611 2347; x_wconf 86' lang='lat' dir='ltr'>gallae</span> <span class='ocrx_word' id='word_1_190' title='bbox 630 2267 656 2328; x_wconf 81' lang='lat' dir='ltr'>li</span> <span class='ocrx_word' id='word_1_191' title='bbox 674 2267 765 2348; x_wconf 92' lang='lat' dir='ltr'>Vllll,</span> <span class='ocrx_word' id='word_1_192' title='bbox 789 2267 991 2347; x_wconf 91' lang='lat' dir='ltr'>hypocistidos</span> <span class='ocrx_word' id='word_1_193' title='bbox 1009 2266 1037 2327; x_wconf 83' lang='lat' dir='ltr'>li</span> <span class='ocrx_word' id='word_1_194' title='bbox 1056 2267 1118 2350; x_wconf 87' lang='lat' dir='ltr'>llll,</span> 
     </span>
     <span class='ocr_line' id='line_1_25' title="bbox 102 2355 1119 2438; baseline 0.004 -24"><span class='ocrx_word' id='word_1_195' title='bbox 102 2356 171 2434; x_wconf 93' lang='lat' dir='ltr'>lycii</span> <span class='ocrx_word' id='word_1_196' title='bbox 193 2355 300 2436; x_wconf 81' lang='lat' dir='ltr'>llllll,</span> <span class='ocrx_word' id='word_1_197' title='bbox 323 2374 440 2435; x_wconf 91' lang='lat' dir='ltr'>myrrae</span> <span class='ocrx_word' id='word_1_198' title='bbox 464 2355 489 2415; x_wconf 85' lang='grc'>11</span> <span class='ocrx_word' id='word_1_199' title='bbox 508 2356 571 2437; x_wconf 91' lang='lat' dir='ltr'>llll,</span> <span class='ocrx_word' id='word_1_200' title='bbox 594 2357 677 2438; x_wconf 92' lang='lat' dir='ltr'>rhus,</span> <span class='ocrx_word' id='word_1_201' title='bbox 701 2375 759 2435; x_wconf 93' lang='lat' dir='ltr'>quo</span> <span class='ocrx_word' id='word_1_202' title='bbox 783 2359 848 2417; x_wconf 92' lang='lat' dir='ltr'>coci</span> <span class='ocrx_word' id='word_1_203' title='bbox 871 2363 1007 2437; x_wconf 91' lang='lat' dir='ltr'>utuntur,</span> <span class='ocrx_word' id='word_1_204' title='bbox 1032 2356 1119 2418; x_wconf 92' lang='lat' dir='ltr'>nardi</span> 
     </span>
     <span class='ocr_line' id='line_1_26' title="bbox 103 2442 1151 2527; baseline 0.003 -25"><span class='ocrx_word' id='word_1_205' title='bbox 103 2442 217 2522; x_wconf 87' lang='lat' dir='ltr'>Syriaci</span> <span class='ocrx_word' id='word_1_206' title='bbox 244 2445 356 2523; x_wconf 90' lang='lat' dir='ltr'>spicae,</span> <span class='ocrx_word' id='word_1_207' title='bbox 384 2444 477 2526; x_wconf 88' lang='lat' dir='ltr'>aloes,</span> <span class='ocrx_word' id='word_1_208' title='bbox 510 2443 695 2522; x_wconf 83' lang='lat' dir='ltr'>singulorum</span> <span class='ocrx_word' id='word_1_209' title='bbox 723 2445 861 2505; x_wconf 90' lang='lat' dir='ltr'>denarios</span> <span class='ocrx_word' id='word_1_210' title='bbox 889 2443 992 2526; x_wconf 90' lang='lat' dir='ltr'>binos,</span> <span class='ocrx_word' id='word_1_211' title='bbox 1025 2447 1116 2527; x_wconf 90' lang='lat' dir='ltr'>anesi,</span> <span class='ocrx_word' id='word_1_212' title='bbox 1129 2462 1151 2505; x_wconf 82' lang='lat' dir='ltr'>u</span> 
     </span>
     <span class='ocr_line' id='line_1_27' title="bbox 102 2531 1116 2613; baseline 0.006 -23"><span class='ocrx_word' id='word_1_213' title='bbox 102 2533 241 2611; x_wconf 85' lang='lat' dir='ltr'>gummis,</span> <span class='ocrx_word' id='word_1_214' title='bbox 263 2531 448 2609; x_wconf 82' lang='lat' dir='ltr'>singulorum</span> <span class='ocrx_word' id='word_1_215' title='bbox 472 2532 498 2592; x_wconf 84' lang='grc'>11</span> <span class='ocrx_word' id='word_1_216' title='bbox 520 2540 632 2612; x_wconf 94' lang='lat' dir='ltr'>ternos,</span> <span class='ocrx_word' id='word_1_217' title='bbox 655 2534 768 2612; x_wconf 85' lang='lat' dir='ltr'>piperis</span> <span class='ocrx_word' id='word_1_218' title='bbox 786 2535 865 2613; x_wconf 84' lang='lat' dir='ltr'>nigri</span> <span class='ocrx_word' id='word_1_219' title='bbox 883 2533 909 2593; x_wconf 83' lang='lat' dir='ltr'>li</span> <span class='ocrx_word' id='word_1_220' title='bbox 928 2533 962 2594; x_wconf 90' lang='grc'>11.</span> <span class='ocrx_word' id='word_1_221' title='bbox 1001 2533 1116 2596; x_wconf 88' lang='lat' dir='ltr'>Terun·</span> 
     </span>
     <span class='ocr_line' id='line_1_28' title="bbox 101 2619 1117 2698; baseline 0.004 -18"><span class='ocrx_word' id='word_1_222' title='bbox 101 2629 152 2680; x_wconf 90' lang='lat' dir='ltr'>tur</span> <span class='ocrx_word' id='word_1_223' title='bbox 179 2619 253 2679; x_wconf 87' lang='lat' dir='ltr'>haec</span> <span class='ocrx_word' id='word_1_224' title='bbox 280 2619 439 2698; x_wconf 85' lang='lat' dir='ltr'>diligenter</span> <span class='ocrx_word' id='word_1_225' title='bbox 466 2628 496 2681; x_wconf 91' lang='lat' dir='ltr'>et</span> <span class='ocrx_word' id='word_1_226' title='bbox 524 2639 559 2680; x_wconf 93' lang='lat' dir='ltr'>ex</span> <span class='ocrx_word' id='word_1_227' title='bbox 584 2639 655 2682; x_wconf 91' lang='lat' dir='ltr'>suco</span> <span class='ocrx_word' id='word_1_228' title='bbox 679 2621 748 2682; x_wconf 90' lang='lat' dir='ltr'>rubi</span> <span class='ocrx_word' id='word_1_229' title='bbox 771 2620 986 2683; x_wconf 90' lang='lat' dir='ltr'>cauliculorum</span> <span class='ocrx_word' id='word_1_230' title='bbox 1010 2622 1058 2684; x_wconf 88' lang='lat' dir='ltr'>vel</span> <span class='ocrx_word' id='word_1_231' title='bbox 1082 2642 1117 2684; x_wconf 92' lang='lat' dir='ltr'>ex</span> 
     </span>
     <span class='ocr_line' id='line_1_29' title="bbox 101 2707 1115 2792; baseline 0.007 -25"><span class='ocrx_word' id='word_1_232' title='bbox 101 2710 169 2768; x_wconf 87' lang='lat' dir='ltr'>vino</span> <span class='ocrx_word' id='word_1_233' title='bbox 195 2707 317 2788; x_wconf 84' lang='lat' dir='ltr'>Signino</span> <span class='ocrx_word' id='word_1_234' title='bbox 342 2709 462 2789; x_wconf 90' lang='lat' dir='ltr'>collyria</span> <span class='ocrx_word' id='word_1_235' title='bbox 486 2710 652 2772; x_wconf 87' lang='lat' dir='ltr'>lormantur</span> <span class='ocrx_word' id='word_1_236' title='bbox 674 2713 735 2773; x_wconf 89' lang='lat' dir='ltr'>ritu</span> <span class='ocrx_word' id='word_1_237' title='bbox 757 2730 870 2792; x_wconf 89' lang='lat' dir='ltr'>eorum,</span> <span class='ocrx_word' id='word_1_238' title='bbox 894 2729 969 2790; x_wconf 90' lang='lat' dir='ltr'>quae</span> <span class='ocrx_word' id='word_1_239' title='bbox 989 2711 1026 2772; x_wconf 91' lang='lat' dir='ltr'>ad</span> <span class='ocrx_word' id='word_1_240' title='bbox 1047 2731 1115 2774; x_wconf 92' lang='lat' dir='ltr'>ocu·</span> 
     </span>
     <span class='ocr_line' id='line_1_30' title="bbox 101 2797 1116 2881; baseline 0.003 -23"><span class='ocrx_word' id='word_1_241' title='bbox 101 2797 145 2858; x_wconf 92' lang='lat' dir='ltr'>los</span> <span class='ocrx_word' id='word_1_242' title='bbox 164 2799 248 2880; x_wconf 84' lang='lat' dir='ltr'>liunt,</span> <span class='ocrx_word' id='word_1_243' title='bbox 272 2817 341 2860; x_wconf 90' lang='lat' dir='ltr'>cum</span> <span class='ocrx_word' id='word_1_244' title='bbox 359 2806 458 2860; x_wconf 92' lang='lat' dir='ltr'>tamen</span> <span class='ocrx_word' id='word_1_245' title='bbox 477 2802 518 2861; x_wconf 90' lang='lat' dir='ltr'>ita</span> <span class='ocrx_word' id='word_1_246' title='bbox 536 2800 628 2861; x_wconf 91' lang='lat' dir='ltr'>fuerit</span> <span class='ocrx_word' id='word_1_247' title='bbox 645 2800 718 2862; x_wconf 87' lang='lat' dir='ltr'>levis</span> <span class='ocrx_word' id='word_1_248' title='bbox 737 2801 893 2881; x_wconf 85' lang='lat' dir='ltr'>conlectio,</span> <span class='ocrx_word' id='word_1_249' title='bbox 911 2807 946 2860; x_wconf 90' lang='lat' dir='ltr'>ut</span> <span class='ocrx_word' id='word_1_250' title='bbox 964 2802 996 2860; x_wconf 95' lang='lat' dir='ltr'>in</span> <span class='ocrx_word' id='word_1_251' title='bbox 1016 2819 1116 2880; x_wconf 84' lang='lat' dir='ltr'>ungue</span> 
     </span>
     <span class='ocr_line' id='line_1_31' title="bbox 101 2887 1152 2968; baseline 0 -19"><span class='ocrx_word' id='word_1_252' title='bbox 101 2887 181 2949; x_wconf 90' lang='lat' dir='ltr'>nulla</span> <span class='ocrx_word' id='word_1_253' title='bbox 204 2898 307 2968; x_wconf 90' lang='lat' dir='ltr'>pareat</span> <span class='ocrx_word' id='word_1_254' title='bbox 330 2890 491 2968; x_wconf 90' lang='lat' dir='ltr'>aspritudo.</span> <span class='ocrx_word' id='word_1_255' title='bbox 531 2888 700 2968; x_wconf 84' lang='lat' dir='ltr'>Finguntnr</span> <span class='ocrx_word' id='word_1_256' title='bbox 723 2897 821 2951; x_wconf 89' lang='lat' dir='ltr'>autem</span> <span class='ocrx_word' id='word_1_257' title='bbox 845 2889 900 2949; x_wconf 93' lang='grc'><strong>3113</strong></span> <span class='ocrx_word' id='word_1_258' title='bbox 924 2889 1152 2952; x_wconf 83' lang='lat' dir='ltr'>denariorumso</span> 
     </span>
     <span class='ocr_line' id='line_1_32' title="bbox 102 2977 1117 3061; baseline 0.003 -24"><span class='ocrx_word' id='word_1_259' title='bbox 102 2977 299 3061; x_wconf 84' lang='lat' dir='ltr'>singulorum,</span> <span class='ocrx_word' id='word_1_260' title='bbox 328 2978 384 3039; x_wconf 92' lang='lat' dir='ltr'>alia</span> <span class='ocrx_word' id='word_1_261' title='bbox 412 2981 593 3060; x_wconf 91' lang='lat' dir='ltr'>semissium,</span> <span class='ocrx_word' id='word_1_262' title='bbox 622 2997 697 3058; x_wconf 90' lang='lat' dir='ltr'>qnae</span> <span class='ocrx_word' id='word_1_263' title='bbox 722 2980 896 3058; x_wconf 81' lang='lat' dir='ltr'>iniciantur3</span> <span class='ocrx_word' id='word_1_264' title='bbox 925 2977 978 3038; x_wconf 89' lang='lat' dir='ltr'>sed</span> <span class='ocrx_word' id='word_1_265' title='bbox 1002 2982 1117 3040; x_wconf 87' lang='lat' dir='ltr'>rectius</span> 
     </span>
     <span class='ocr_line' id='line_1_33' title="bbox 101 3067 1116 3148; baseline 0.003 -22"><span class='ocrx_word' id='word_1_266' title='bbox 101 3067 138 3126; x_wconf 89' lang='lat' dir='ltr'>ad</span> <span class='ocrx_word' id='word_1_267' title='bbox 165 3067 241 3128; x_wconf 91' lang='lat' dir='ltr'>hanc</span> <span class='ocrx_word' id='word_1_268' title='bbox 269 3086 439 3129; x_wconf 89' lang='lat' dir='ltr'>mensuram</span> <span class='ocrx_word' id='word_1_269' title='bbox 467 3067 577 3148; x_wconf 86' lang='lat' dir='ltr'>pastilli</span> <span class='ocrx_word' id='word_1_270' title='bbox 600 3067 762 3147; x_wconf 90' lang='lat' dir='ltr'>dabuntur,</span> <span class='ocrx_word' id='word_1_271' title='bbox 789 3068 829 3126; x_wconf 90' lang='lat' dir='ltr'>ita</span> <span class='ocrx_word' id='word_1_272' title='bbox 853 3074 888 3126; x_wconf 93' lang='lat' dir='ltr'>ut</span> <span class='ocrx_word' id='word_1_273' title='bbox 910 3084 990 3127; x_wconf 79' lang='lat' dir='ltr'>unrrs</span> <span class='ocrx_word' id='word_1_274' title='bbox 1014 3069 1116 3129; x_wconf 91' lang='lat' dir='ltr'>ieiuno</span> 
     </span>
     <span class='ocr_line' id='line_1_34' title="bbox 102 3154 1116 3239; baseline 0.001 -24"><span class='ocrx_word' id='word_1_275' title='bbox 102 3163 169 3216; x_wconf 91' lang='lat' dir='ltr'>ante</span> <span class='ocrx_word' id='word_1_276' title='bbox 193 3157 358 3239; x_wconf 89' lang='lat' dir='ltr'>meridiem,</span> <span class='ocrx_word' id='word_1_277' title='bbox 382 3156 456 3218; x_wconf 91' lang='lat' dir='ltr'>alter</span> <span class='ocrx_word' id='word_1_278' title='bbox 479 3159 511 3217; x_wconf 95' lang='lat' dir='ltr'>in</span> <span class='ocrx_word' id='word_1_279' title='bbox 534 3163 653 3217; x_wconf 92' lang='lat' dir='ltr'>noctem</span> <span class='ocrx_word' id='word_1_280' title='bbox 676 3174 712 3215; x_wconf 89' lang='lat' dir='ltr'>ex</span> <span class='ocrx_word' id='word_1_281' title='bbox 735 3173 820 3236; x_wconf 89' lang='lat' dir='ltr'>aqua,</span> <span class='ocrx_word' id='word_1_282' title='bbox 844 3157 869 3215; x_wconf 92' lang='lat' dir='ltr'>si</span> <span class='ocrx_word' id='word_1_283' title='bbox 893 3154 992 3215; x_wconf 87' lang='lat' dir='ltr'>febres</span> <span class='ocrx_word' id='word_1_284' title='bbox 1017 3166 1116 3238; x_wconf 92' lang='lat' dir='ltr'>erunt,</span> 
     </span>
    </p>
   </div>
   <div class='ocr_carea' id='block_1_3' title="bbox 102 3307 1115 3452">
    <p class='ocr_par' dir='ltr' id='par_1_5' title="bbox 102 3307 1115 3452">
     <span class='ocr_line' id='line_1_35' title="bbox 191 3307 1115 3380; baseline 0.004 -19"><span class='ocrx_word' id='word_1_285' title='bbox 191 3313 207 3361; x_wconf 82' lang='lat'>2</span> <span class='ocrx_word' id='word_1_286' title='bbox 227 3309 418 3365; x_wconf 80' lang='lat' dir='ltr'>valitudinem.</span> <span class='ocrx_word' id='word_1_287' title='bbox 492 3316 510 3363; x_wconf 89' lang='lat'>4</span> <span class='ocrx_word' id='word_1_288' title='bbox 528 3307 654 3362; x_wconf 80' lang='lat' dir='ltr'>mixtum.</span> <span class='ocrx_word' id='word_1_289' title='bbox 720 3314 735 3362; x_wconf 86' lang='grc'><strong>6</strong></span> <span class='ocrx_word' id='word_1_290' title='bbox 755 3307 855 3363; x_wconf 80' lang='lat' dir='ltr'>afflicti</span> <span class='ocrx_word' id='word_1_291' title='bbox 872 3307 948 3380; x_wconf 86' lang='lat' dir='ltr'>sunt]</span> <span class='ocrx_word' id='word_1_292' title='bbox 968 3308 1115 3365; x_wconf 79' lang='grc'><strong>(1311133311.</strong></span> 
     </span>
     <span class='ocr_line' id='line_1_36' title="bbox 102 3378 1115 3452; baseline 0.002 -19"><span class='ocrx_word' id='word_1_293' title='bbox 102 3384 135 3433; x_wconf 88' lang='grc'>10</span> <span class='ocrx_word' id='word_1_294' title='bbox 154 3378 300 3434; x_wconf 84' lang='lat' dir='ltr'>tridorum.</span> <span class='ocrx_word' id='word_1_295' title='bbox 391 3387 423 3435; x_wconf 87' lang='grc'><strong>16</strong></span> <span class='ocrx_word' id='word_1_296' title='bbox 443 3379 586 3435; x_wconf 77' lang='lat' dir='ltr'>martenio</span> <span class='ocrx_word' id='word_1_297' title='bbox 674 3385 706 3434; x_wconf 88' lang='grc'><strong>19</strong></span> <span class='ocrx_word' id='word_1_298' title='bbox 725 3380 925 3448; x_wconf 80' lang='lat' dir='ltr'>temporanter.</span> <span class='ocrx_word' id='word_1_299' title='bbox 1013 3380 1115 3452; x_wconf 90' lang='lat' dir='ltr'>unum]</span> 
     </span>
    </p>
   </div>
   <div class='ocr_carea' id='block_1_4' title="bbox 100 3438 1112 3593">
    <p class='ocr_par' dir='ltr' id='par_1_6' title="bbox 100 3438 1112 3593">
     <span class='ocr_line' id='line_1_37' title="bbox 100 3438 1112 3518; baseline 0.005 -16"><span class='ocrx_word' id='word_1_300' title='bbox 100 3449 205 3503; x_wconf 88' lang='lat' dir='ltr'>vinum.</span> <span class='ocrx_word' id='word_1_301' title='bbox 311 3455 345 3504; x_wconf 81' lang='lat'>22</span> <span class='ocrx_word' id='word_1_302' title='bbox 364 3450 477 3506; x_wconf 86' lang='grc'><strong>3333133</strong></span> <span class='ocrx_word' id='word_1_303' title='bbox 496 3438 624 3518; x_wconf 69' lang='lat' dir='ltr'>XXIIII,</span> <span class='ocrx_word' id='word_1_304' title='bbox 643 3451 689 3506; x_wconf 84' lang='lat' dir='ltr'>sed</span> <span class='ocrx_word' id='word_1_305' title='bbox 709 3451 741 3504; x_wconf 91' lang='lat' dir='ltr'><strong><em>X</em></strong></span> <span class='ocrx_word' id='word_1_306' title='bbox 758 3451 878 3507; x_wconf 84' lang='lat' dir='ltr'>deletum.</span> <span class='ocrx_word' id='word_1_307' title='bbox 989 3455 1025 3506; x_wconf 76' lang='lat'>24</span> <span class='ocrx_word' id='word_1_308' title='bbox 1044 3451 1112 3508; x_wconf 78' lang='grc'><strong>11311</strong></span> 
     </span>
     <span class='ocr_line' id='line_1_38' title="bbox 101 3519 1011 3593; baseline 0.009 -22"><span class='ocrx_word' id='word_1_309' title='bbox 101 3524 135 3572; x_wconf 81' lang='lat'>25</span> <span class='ocrx_word' id='word_1_310' title='bbox 154 3519 332 3574; x_wconf 81' lang='lat' dir='ltr'>denariorum</span> <span class='ocrx_word' id='word_1_311' title='bbox 350 3519 439 3575; x_wconf 88' lang='lat' dir='ltr'>binos.</span> <span class='ocrx_word' id='word_1_312' title='bbox 513 3527 547 3575; x_wconf 89' lang='grc'>30</span> <span class='ocrx_word' id='word_1_313' title='bbox 566 3521 677 3593; x_wconf 83' lang='lat' dir='ltr'>pareat]</span> <span class='ocrx_word' id='word_1_314' title='bbox 697 3523 832 3591; x_wconf 76' lang='lat' dir='ltr'>appareat</span> <span class='ocrx_word' id='word_1_315' title='bbox 850 3521 1011 3579; x_wconf 69' lang='lat' dir='ltr'>eumuna</span> 
     </span>
    </p>
   </div>
   <div class='ocr_carea' id='block_1_5' title="bbox 0 0 1224 3802">
    <p class='ocr_par' dir='ltr' id='par_1_7' title="bbox 0 0 1224 3802">
     <span class='ocr_line' id='line_1_39' title="bbox 0 0 1224 3802; baseline 0 1"><span class='ocrx_word' id='word_1_316' title='bbox 0 0 1224 3802; x_wconf 95' lang='lat' dir='ltr'> </span> 
     </span>
    </p>
   </div>
  </div>
 </body>
</html>
