2438 3802
478 155 722 220 -189-

89 317 201 398 inludi,
227 319 279 397 qui
302 335 397 396 usque
421 335 456 377 eo
480 317 535 378 hac
559 317 693 378 molestia
717 327 874 399 vexantur,
898 328 932 380 ut
954 321 1105 382 interdum

90 417 122 469 et
141 409 217 468 vitae
236 405 404 485 periculum
423 406 542 487 adeant3
562 415 608 468 est
627 409 706 468 enim
720 408 825 468 vitium
840 425 900 468 uon
914 416 1104 470 contemnen-

90 496 178 577 dum,
206 497 332 556 maxime
360 497 391 555 in
419 513 563 574 processu
591 498 704 557 aetatis.
751 495 866 568 Quibus
895 496 1025 558 dandum
1048 501 1106 558 erit

90 584 342 647 medicamentum
369 586 504 663 proximo
533 584 580 645 die
608 586 672 646 eius
699 587 810 667 noctis,
839 603 896 665 qua
925 584 1106 647 incubonem

60 700 76 743 a
91 673 281 754 pertulerint,
299 691 368 734 cum
386 672 573 735 intervallum
593 692 609 734 a
628 692 731 735 somno
750 674 877 736 iecerint
891 683 921 736 et
935 674 1015 754 quod
1034 677 1105 737 satis

91 765 132 825 sit
155 761 417 824 deambulaverint.
456 761 526 822 Dari
545 761 634 823 debet
652 781 688 823 ex
707 781 810 845 aquae,
831 765 864 824 in
883 782 942 844 qua
959 764 1106 844 hysopum

90 861 144 914 aut
162 850 347 913 marrubium
366 851 458 912 luerit
475 853 634 926 incoctum,
658 851 772 931 cyathis
796 859 937 932 quattuor
955 854 1002 915 vel
1022 856 1105 933 quin·

91 959 152 1021 que
176 941 212 1002 ad
236 940 352 1020 pondus
376 940 492 1001 denarii
514 942 603 1001 unius
626 939 673 1000 vel
691 943 847 1021 victoriati,
874 950 963 1022 prout
986 961 1035 1004 res
1054 951 1106 1005 aut

91 1038 174 1091 aetas
193 1028 400 1110 postulaverit3
419 1028 525 1089 deinde
543 1037 611 1108 post
628 1028 717 1091 horas
737 1038 799 1090 tres
817 1030 864 1091 vel
882 1040 1022 1111 quattuor
1041 1051 1105 1093 cre·

47 1145 76 1186 ιο
93 1137 159 1180 mor
181 1119 314 1199 ptisanae
338 1125 389 1178 aut
412 1117 503 1178 altera
527 1117 651 1179 sorbitio
674 1117 746 1179 levis
770 1119 866 1181 detur.

183 1207 266 1268 Facit
295 1207 352 1267 hoc
380 1206 630 1268 medicamentum
657 1206 693 1266 ad
722 1225 786 1288 eos,
819 1226 947 1287 quorum
979 1207 1142 1269 musculis

94 1296 261 1358 maxillares
285 1313 354 1356 cum
376 1296 504 1356 maximo
524 1296 626 1356 dolore
646 1297 724 1356 tensi
743 1304 813 1356 sunt
836 1296 919 1375 adeo,
937 1304 972 1357 ut
991 1299 1106 1375 aperire

95 1404 130 1446 os
152 1385 232 1446 nullo
255 1384 343 1444 modo
366 1386 495 1464 possint3
518 1392 639 1446 tetanon
662 1384 719 1445 hoc
742 1385 846 1445 uitium
867 1383 973 1445 Graeci
995 1385 1106 1447 dicunt.

94 1473 169 1536 ltem
196 1475 266 1535 facit
294 1473 330 1533 ad
359 1473 547 1553 depravatam
580 1473 683 1534 iaciern
716 1475 747 1534 in
780 1472 952 1535 utramlibet
983 1482 1107 1555 partem,

50 1587 78 1628 ιι
94 1565 219 1644 cynicon
243 1579 381 1642 spasmon
404 1562 461 1623 hoc
484 1561 574 1622 iidem
597 1562 746 1643 appellant
768 1580 863 1641 genus
887 1561 995 1643 morbi3
1022 1581 1106 1642 prae·

93 1654 183 1732 cipue
206 1670 275 1713 vero
299 1650 335 1712 ad
358 1652 489 1730 pectoris
513 1650 674 1731 laterisque
698 1651 815 1712 dolores
838 1652 961 1732 prodest
979 1670 1016 1712 ex
1035 1670 1107 1731 qua-

93 1741 168 1803 libet
195 1759 284 1803 causa
312 1741 404 1801 laotos
428 1742 489 1800 sive
514 1740 618 1801 latenti
641 1742 702 1800 sive
726 1741 893 1818 manifesta,
921 1749 955 1801 ut
977 1759 1013 1800 ex
1037 1759 1107 1801 casu

93 1829 193 1910 aliquo
212 1837 263 1890 aut
282 1847 373 1909 supra
390 1831 470 1890 vires
489 1837 519 1890 et
538 1847 627 1908 supra
646 1829 767 1890 modum
786 1829 926 1908 ponderis
940 1830 1107 1908 portatione

94 1918 143 1980 vel
165 1937 201 1979 ex
224 1896 441 2000 contusione,
441 1936 516 1997 quae
542 1918 714 2021 frequenter
738 1916 957 2020 gladiatoribus
973 1918 1107 1979 accidere

53 2029 82 2069 so
96 2009 129 2068 in
151 2007 389 2087 praelusionibus
412 2005 496 2067 solet.
537 2005 598 2066 Nec
626 2008 725 2066 minus
753 2024 858 2066 eorum
881 2007 1007 2066 maxime
1032 2009 1107 2067 sani-

95 2098 150 2158 tati
173 2099 323 2176 convenit,
352 2098 403 2175 qui
430 2094 536 2156 arbore
565 2093 622 2155 alta
650 2095 763 2174 delapsi
786 2103 856 2155 sunt
879 2093 925 2154 vel
948 2094 1035 2155 scalis
1059 2095 1108 2155 de·

95 2185 189 2247 voluti
211 2195 262 2247 aut
286 2187 405 2246 excussi
427 2184 497 2245 reda
521 2183 567 2244 vel
590 2183 741 2245 curriculo
764 2185 860 2244 tracti.
908 2182 966 2244 Sed
989 2183 1049 2264 his,
1077 2183 1108 2244 id

95 2282 142 2336 est
160 2293 196 2335 ex
216 2274 370 2335 manifesta
390 2292 477 2335 causa
497 2276 618 2354 vexatis,
638 2291 707 2334 cum
724 2273 801 2334 aceti
815 2271 928 2352 cyathis
946 2272 1044 2334 tribus
1063 2272 1109 2333 vel

95 2371 237 2444 quattuor
264 2363 360 2424 danda
387 2365 444 2423 crit
472 2363 636 2444 antidotus3
663 2362 711 2422 his
738 2379 822 2443 vero,
851 2363 904 2441 qui
929 2381 964 2423 ex
992 2361 1108 2424 occulta

53 2471 80 2513 ss
94 2471 183 2515 causa
207 2451 352 2534 laborant,
375 2471 410 2512 ex
434 2470 509 2532 aqua
533 2452 628 2514 mulsa
651 2452 785 2531 proderit
807 2452 883 2512 data.

184 2541 341 2602 Praeterea
360 2559 520 2603 nervorum
538 2541 725 2603 tensionibus
744 2549 774 2602 et
791 2539 1045 2602 contractionibus
1067 2548 1107 2601 at·
1128 2551 1143 2600 6

95 2648 154 2710 que
174 2629 326 2690 doloribus
345 2629 483 2691 omnibus
501 2632 626 2692 mirifice
645 2631 791 2691 convenit.
825 2629 1023 2702 Quamobrem
1039 2629 1108 2690 lacit

95 2718 124 2780 el
149 2719 186 2779 ad
210 2719 353 2780 tremulos
377 2718 466 2779 etad
490 2719 668 2781 sideratioue
692 2725 851 2797 temptatos
872 2717 1026 2798 utralibet3
1051 2736 1108 2778 una

95 2809 176 2868 cuim
199 2826 269 2869 cum
292 2809 508 2886 contractione,
537 2807 628 2866 altera
656 2824 724 2866 cum
750 2807 926 2865 remissione
949 2823 1109 2866 nervorum

54 2915 82 2956 ao
96 2899 294 2978 conspicitur3
318 2894 476 2975 paralysim
498 2893 555 2953 hoc
579 2901 740 2970 utrumque
764 2895 869 2952 vitium
887 2892 993 2951 Graeci
1011 2892 1109 2970 appel-

95 2985 165 3048 lant.
200 2986 245 3047 Ad
269 2984 348 3064 qnod
373 2984 460 3043 etiam
484 2999 553 3042 cum
576 2981 708 3058 correpti
730 2987 800 3039 sunt
821 2978 943 3058 prodest
962 2996 998 3038 ex
1017 2997 1109 3058 aquae

88 3073 209 3136 mulsae
228 3074 341 3154 cyathis
360 3071 458 3135 tribus
477 3077 654 3150 quattuorve
673 3067 775 3128 datum
795 3067 832 3127 ad
856 3065 972 3168 pondus
996 3066 1111 3151 denarii

96 3165 186 3314 unius
206 3172 257 3225 aut
270 3164 418 3224 victoriati
436 3161 566 3222 admixto
581 3159 710 3220 castorei
724 3156 838 3217 denarii
857 3156 990 3216 semisse.
1019 3154 1109 3216 Prod-

167 3253 256 3314 etad
279 3252 468 3314 articularem
490 3247 637 3330 morbum,
661 3264 750 3327 quem
769 3243 919 3306 arthritim
937 3242 1043 3306 Graeci
1061 3263 1110 3324 ap·

190 3466 222 3515 17
237 3462 296 3514 ute
310 3459 449 3516 Scribens
463 3459 513 3513 aut
523 3457 683 3513 Cercetius.
732 3459 763 3509 18
778 3451 936 3525 portatione
948 3451 1112 3510 cScribou.:

98 3530 207 3600 portati
227 3530 385 3588 Omoemus.
458 3533 494 3585 20
512 3528 634 3586 mamma
653 3527 800 3587 deleudwnt
816 3525 942 3585 ulduinus.
