2438 3802
523 127 736 192 „30-

124 299 225 351 coctos
243 292 386 369 inponere
409 289 481 350 utile
501 299 547 351 est
565 291 611 351 vel
631 290 737 351 bulbos
756 289 856 351 scillae
875 309 911 351 ex
930 309 1005 370 aqua
1026 301 1137 372 coctos,

123 381 164 440 ita
187 385 221 440 01
244 379 382 439 aluminis
405 378 510 459 liquidi
533 379 707 441 tantundem
730 380 871 458 ponderis
890 381 1088 441 admisceatur
1107 390 1138 442 et

70 482 103 532 22
124 471 166 529 010
191 477 280 546 00001
302 467 452 528 inlinatur.
490 468 534 528 dd
553 487 595 550 ea,
617 487 692 546 quae
714 469 885 530 fervescunt
901 471 933 529 in
952 471 1048 547 capite
1068 489 1137 530 cum

122 556 249 638 rubore,
276 556 329 617 lini
357 575 458 618 semen
487 565 647 618 contusum
675 565 705 618 et
728 557 813 618 melle
837 576 1032 636 consparsum
1051 561 1135 637 iupo-

70 647 255 711 2300001001
278 653 332 706 est.
371 645 415 705 Ad
438 647 544 725 capitis
568 645 685 707 dolores
708 648 740 706 in
759 647 848 707 febri:
872 646 965 707 Rutae
986 646 1163 712 silvaticaec

124 736 246 795 seminis
274 734 319 794 vel
347 742 432 795 rutae
460 735 570 796 uoditis
598 734 720 816 radicis,
752 753 788 797 ex
816 754 873 814 qua
896 735 969 796 rhus
993 739 1137 816 nascitur,

123 842 252 904 murrae,
270 823 413 904 pyrethri,
432 823 606 904 aphronitri,
626 823 695 884 salis
712 826 896 903 ammoniaci,
915 827 1027 903 piperis
1047 824 1136 906 longi,

122 912 251 973 hederae
275 912 357 972 albae
380 911 518 973 soliorum
543 912 589 973 vel
611 912 765 994 bacarum,
788 912 903 991 bidelli,
926 913 1052 996 galbani,
1075 913 1134 974 bal·

123 1003 206 1082 sami,
224 1002 278 1061 iris
296 1001 439 1081 Illyricae,
458 1001 640 1080 singularum
660 1005 827 1081 specierum
846 1001 988 1082 Xdenos,
1008 1005 1135 1064 castorei

123 1089 149 1150 X
172 1089 239 1170 llll,
267 1089 365 1150 balani
388 1093 578 1169 unguentarii
601 1090 627 1150 X
646 1089 684 1170 ll,
712 1090 824 1151 thamni
848 1089 926 1151 XX.
973 1091 1055 1152 Trita
1073 1109 1134 1151 om·
1148 1117 1173 1156 1o

122 1180 170 1239 nia
198 1180 229 1239 in
257 1197 350 1240 unum
377 1181 547 1240 coiciuntur
575 1197 645 1240 cum
671 1181 748 1240 aceti
770 1175 905 1241 ¹scillitici
928 1188 1071 1259 quantum
1095 1181 1134 1240 sit

121 1267 195 1328 libra
219 1286 286 1328 000.
320 1267 383 1333 ,Sed
406 1270 446 1329 ita
466 1267 680 1347 temperabitur
699 1267 890 1350 medicamen,
914 1268 1008 1329 donec
1032 1270 1133 1348 spissi·

122 1356 256 1417 tudinem
279 1357 376 1418 mellis
394 1359 528 1439 recipiat,
551 1365 640 1437 atque
664 1359 704 1418 ita
727 1365 890 1435 reponetur
912 1359 943 1417 in
963 1376 1031 1418 0000
1050 1356 1135 1417 fictili

122 1455 152 1506 et
175 1464 242 1506 curn
267 1464 342 1525 opus
364 1447 463 1526 luerit,
487 1447 556 1507 inde
575 1455 710 1508 sumetur
729 1454 871 1526 quantum
892 1448 963 1507 satis
983 1449 1030 1528 sit,
1054 1445 1134 1526 quod

121 1537 152 1594 10
186 1533 305 1595 11010010
337 1535 413 1596 bene
445 1543 549 1596 tenero
582 1537 679 1613 spisso
707 1535 861 1614 inlinatur,
888 1543 1133 1614 ¹perunctumque
1148 1559 1173 1600 0

69 1628 104 1678 24
122 1641 244 1683 rosaceo
268 1623 383 1683 modico
407 1626 576 1701 inponetur.
615 1622 647 1684 Si
670 1626 779 1684 vastior
802 1625 892 1685 fuerit
916 1623 1000 1684 dolor
1019 1626 1133 1704 capitis,

122 1711 371 1772 medicamentum
393 1719 453 1771 tam
478 1713 608 1790 spissum
631 1712 682 1772 fiat
704 1713 955 1792 infrascriptum,
980 1731 1068 1792 quarn
1087 1721 1133 1773 001

122 1799 323 1880 emplastrum,
348 1799 521 1860 0111010010
545 1801 637 1861 denso
661 1803 834 1880 inponatur:
857 1801 934 1880 Agni
957 1804 1079 1862 seminis
1103 1809 1134 1862 et

121 1888 285 1966 peucedani
304 1888 413 1951 radicis
432 1888 534 1970 Xllll,
557 1889 642 1951 iridis
661 1889 739 1970 Xll;
764 1898 847 1951 00010
866 1892 950 1969 prius
969 1899 1133 1951 maceratas

120 1975 174 2036 has
203 1979 318 2056 species
347 1997 495 2058 excoques
524 1978 569 2039 vel
592 1979 757 2040 contundes
781 1988 811 2040 et
833 1997 902 2039 rosa
925 1979 1020 2040 dilues
1044 1989 1172 2058 atquem

67 2068 160 2126 25110
184 2084 251 2128 raso
275 2069 365 2147 capiti
387 2070 521 2147 inpones.
558 2068 602 2128 Ad
622 2068 811 2129 vehementes
831 2068 1008 2128 feminarum
1027 2069 1133 2144 capitis

120 2155 238 2216 dolores
257 2164 287 2217 01
306 2157 523 2238 suffocationes,
543 2176 617 2236 quac
637 2157 673 2218 de
693 2156 778 2217 vulva
794 2159 923 2236 veniunt,
941 2156 1021 2234 quod
1037 2173 1131 2233 genus

119 2244 295 2306 valetudinis
310 2245 415 2307 Gracci
429 2246 598 2326 hystericen
611 2247 700 2325 pniga
715 2253 828 2326 vocant,
847 2255 876 2306 et
895 2244 931 2305 ad
945 2263 1005 2325 eos,
1020 2246 1071 2323 qui
1085 2262 1131 2303 00-

120 2333 189 2393 01001
208 2333 406 2415 appellantur,
425 2343 455 2396 01
474 2334 510 2395 ad
530 2335 691 2396 freneticos
710 2342 740 2395 01
760 2337 812 2414 qni
829 2336 988 2413 vertigines
1007 2333 1131 2394 habent:

120 2420 284 2500 Sphondyli
298 2421 323 2481 X
338 2441 399 2501 serr,
418 2425 546 2483 castorei
560 2422 585 2483 X
600 2422 645 2504 Vl,
659 2423 825 2503 peucedani
838 2422 864 2482 X
879 2423 914 2502 ll,
928 2442 1039 2484 nucum
1054 2441 1131 2483 ama·
1146 2444 1172 2486 25

119 2527 219 2570 rarum
240 2509 265 2569 X
285 2509 329 2570 Vl.
371 2510 450 2572 Haec
474 2530 542 2572 cum
566 2520 649 2573 aceto
673 2520 703 2572 et
727 2530 793 2573 rosa
817 2511 892 2572 hene
916 2514 986 2573 trita
1011 2521 1040 2572 et
1063 2529 1131 2589 per-

66 2603 101 2653 26
122 2600 211 2658 mixta
226 2600 316 2678 capiti
330 2600 538 2662 intunduntur.
575 2601 618 2662 hd
634 2601 764 2662 diutinos
780 2603 886 2680 capitis
901 2599 1027 2680 dolores,
1042 2602 1131 2659 etiam

120 2695 301 2768 veternosos,
326 2707 400 2767 quos
420 2688 525 2750 Graeci
543 2689 720 2768 lethargicos
739 2696 853 2770 vocant,
873 2695 902 2748 et
921 2688 1081 2748 freneticos
1101 2694 1132 2746 et

120 2776 155 2836 ad
175 2778 272 2836 omnia
292 2778 370 2858 vitia,
390 2797 464 2857 quae
480 2780 559 2839 circa
574 2787 663 2857 eaput
680 2786 868 2858 generantur,
888 2777 1027 2837 etiamad
1043 2775 1131 2855 poda-

119 2883 215 2944 gram:
247 2865 338 2927 00000
367 2867 392 2927 X
415 2865 588 2948 LXXXlIll,
612 2867 670 2928 olei
697 2870 806 2928 veteris
830 2865 855 2926 X
878 2865 1041 2946 LXXXlll,
1070 2864 1130 2925 alu·
1145 2890 1172 2930 00

107 2955 208 3014 minis
236 2956 299 3016 lissi
321 2955 347 3016 X
370 2955 420 3037 Vl,
448 2957 569 3035 glutinis
593 2959 704 3018 taurini
727 2956 753 3016 X
772 2955 812 3038 Χ,
841 2956 1005 3035 peucedani
1025 2954 1050 3015 X
1069 2953 1133 3035 XX,

119 3046 214 3105 casiae
230 3044 255 3104 X
270 3043 305 3123 X,
326 3048 442 3106 resinae
461 3046 679 3106 terebinthinae
695 3043 720 3104 X
734 3043 796 3122 XX,
816 3047 891 3121 picis
911 3044 1040 3123 liquidae
1056 3044 1082 3104 X
1097 3042 1132 3124 X,

119 3133 234 3208 galbani
253 3133 279 3193 X
299 3131 388 3214 Xllll,
407 3135 486 3195 aloes
506 3133 618 3195 XXVI.
656 3133 818 3193 Taurinum
838 3131 940 3211 gluten
960 3151 1028 3193 cum
1048 3141 1132 3193 aceto

119 3220 154 3281 ad
173 3223 272 3299 ignem
292 3223 424 3302 solvitur,
445 3222 650 3301 peucedanum
670 3230 700 3283 01
718 3223 797 3282 00010
815 3223 882 3282 0100
900 3229 1047 3282 macerata
1063 3240 1131 3282 con·

191 3360 328 3411 teocius.
400 3357 514 3428 orbus]
534 3357 629 3411 01000.
694 3361 728 3412 10
747 3357 948 3425 unguentariae
969 3355 1129 3409 Carnarius.

138 3426 283 3481 'radices
320 3432 355 3481 20
369 3443 537 3497 exquoques.
575 3433 608 3482 23
623 3428 736 3498 pignan.
774 3433 808 3482 28
822 3426 970 3482 veteranis.
1007 3430 1040 3479 31
1056 3424 1130 3492 glut-

173 3509 192 3546 0.
266 3503 299 3550 32
320 3497 410 3553 casiae
431 3497 458 3552 X
476 3499 501 3552 X
519 3515 570 3554 om.
644 3505 677 3554 33
696 3498 824 3554 taurinus
842 3496 950 3570 glottis.
