<?xml version="1.0" encoding="UTF-8"?>
<!DOCTYPE html PUBLIC "-//W3C//DTD XHTML 1.0 Transitional//EN"
    "http://www.w3.org/TR/xhtml1/DTD/xhtml1-transitional.dtd">
<html xmlns="http://www.w3.org/1999/xhtml" xml:lang="en" lang="en">
 <head>
  <title>
</title>
<meta http-equiv="Content-Type" content="text/html;charset=utf-8" />
  <meta name='ocr-system' content='tesseract 3.04.00' />
  <meta name='ocr-capabilities' content='ocr_page ocr_carea ocr_par ocr_line ocrx_word'/>
</head>
<body>
  <div class='ocr_page' id='page_1' title='image "./marcellidemedic01helmgoog_0058.png"; bbox 0 0 2438 3802; ppageno 0'>
   <div class='ocr_carea' id='block_1_1' title="bbox 499 151 716 216">
    <p class='ocr_par' dir='ltr' id='par_1_1' title="bbox 499 151 716 216">
     <span class='ocr_line' id='line_1_1' title="bbox 499 151 716 216; baseline 0.009 -20"><span class='ocrx_word' id='word_1_1' title='bbox 499 151 716 216; x_wconf 72' lang='lat'>..45-</span> 
     </span>
    </p>
   </div>
   <div class='ocr_carea' id='block_1_2' title="bbox 62 313 1177 3234">
    <p class='ocr_par' dir='ltr' id='par_1_2' title="bbox 101 313 1171 661">
     <span class='ocr_line' id='line_1_2' title="bbox 102 313 1116 394; baseline -0.001 -16"><span class='ocrx_word' id='word_1_2' title='bbox 102 318 264 378; x_wconf 91' lang='lat' dir='ltr'>contritum</span> <span class='ocrx_word' id='word_1_3' title='bbox 293 322 324 375; x_wconf 89' lang='lat' dir='ltr'>et</span> <span class='ocrx_word' id='word_1_4' title='bbox 352 331 388 374; x_wconf 91' lang='lat' dir='ltr'>ex</span> <span class='ocrx_word' id='word_1_5' title='bbox 416 313 502 374; x_wconf 87' lang='lat' dir='ltr'>molle</span> <span class='ocrx_word' id='word_1_6' title='bbox 530 316 692 392; x_wconf 92' lang='lat' dir='ltr'>inpositum</span> <span class='ocrx_word' id='word_1_7' title='bbox 722 317 859 375; x_wconf 89' lang='lat' dir='ltr'>universa</span> <span class='ocrx_word' id='word_1_8' title='bbox 882 314 982 375; x_wconf 92' lang='lat' dir='ltr'>ulcera</span> <span class='ocrx_word' id='word_1_9' title='bbox 1006 317 1116 394; x_wconf 92' lang='lat' dir='ltr'>optime</span> 
     </span>
     <span class='ocr_line' id='line_1_3' title="bbox 101 402 1171 485; baseline -0.003 -19"><span class='ocrx_word' id='word_1_10' title='bbox 101 413 217 485; x_wconf 82' lang='lat' dir='ltr'>purgat.</span> <span class='ocrx_word' id='word_1_11' title='bbox 257 402 355 464; x_wconf 79' lang='lat' dir='ltr'>Alium</span> <span class='ocrx_word' id='word_1_12' title='bbox 379 405 542 464; x_wconf 92' lang='lat' dir='ltr'>contritum</span> <span class='ocrx_word' id='word_1_13' title='bbox 566 421 634 464; x_wconf 94' lang='lat' dir='ltr'>cum</span> <span class='ocrx_word' id='word_1_14' title='bbox 654 403 796 481; x_wconf 78' lang='lat' dir='ltr'><strong>sulphure</strong></span> <span class='ocrx_word' id='word_1_15' title='bbox 816 411 846 463; x_wconf 92' lang='lat' dir='ltr'>et</span> <span class='ocrx_word' id='word_1_16' title='bbox 864 405 963 464; x_wconf 92' lang='lat' dir='ltr'>resina</span> <span class='ocrx_word' id='word_1_17' title='bbox 981 403 1116 465; x_wconf 90' lang='lat' dir='ltr'>ulcerum</span> <span class='ocrx_word' id='word_1_18' title='bbox 1136 415 1171 463; x_wconf 78' lang='grc'>44</span> 
     </span>
     <span class='ocr_line' id='line_1_4' title="bbox 102 491 1170 570; baseline -0.005 -14"><span class='ocrx_word' id='word_1_19' title='bbox 102 502 133 556; x_wconf 91' lang='lat' dir='ltr'>et</span> <span class='ocrx_word' id='word_1_20' title='bbox 155 492 321 554; x_wconf 84' lang='lat' dir='ltr'>fistularum</span> <span class='ocrx_word' id='word_1_21' title='bbox 346 491 496 570; x_wconf 88' lang='lat' dir='ltr'>quaelibet</span> <span class='ocrx_word' id='word_1_22' title='bbox 518 494 588 552; x_wconf 87' lang='lat' dir='ltr'>vitia</span> <span class='ocrx_word' id='word_1_23' title='bbox 607 491 744 552; x_wconf 78' lang='lat' dir='ltr'><strong>extrahit.</strong></span> <span class='ocrx_word' id='word_1_24' title='bbox 783 491 889 552; x_wconf 82' lang='lat' dir='ltr'>Vetera</span> <span class='ocrx_word' id='word_1_25' title='bbox 908 491 1009 553; x_wconf 90' lang='lat' dir='ltr'>ulcera</span> <span class='ocrx_word' id='word_1_26' title='bbox 1028 495 1117 554; x_wconf 90' lang='lat' dir='ltr'>etiam</span> <span class='ocrx_word' id='word_1_27' title='bbox 1136 502 1170 552; x_wconf 85' lang='grc'>45</span> 
     </span>
     <span class='ocr_line' id='line_1_5' title="bbox 104 579 1117 661; baseline -0.002 -17"><span class='ocrx_word' id='word_1_28' title='bbox 104 585 257 644; x_wconf 88' lang='lat' dir='ltr'>carciuosa</span> <span class='ocrx_word' id='word_1_29' title='bbox 280 581 375 640; x_wconf 82' lang='lat' dir='ltr'>foveri</span> <span class='ocrx_word' id='word_1_30' title='bbox 403 579 512 640; x_wconf 88' lang='lat' dir='ltr'>debent</span> <span class='ocrx_word' id='word_1_31' title='bbox 539 598 615 659; x_wconf 89' lang='lat' dir='ltr'>aqua</span> <span class='ocrx_word' id='word_1_32' title='bbox 643 579 749 661; x_wconf 87' lang='lat' dir='ltr'>calida,</span> <span class='ocrx_word' id='word_1_33' title='bbox 777 582 888 659; x_wconf 88' lang='lat' dir='ltr'>inqua</span> <span class='ocrx_word' id='word_1_34' title='bbox 913 589 1034 641; x_wconf 89' lang='lat' dir='ltr'>excocta</span> <span class='ocrx_word' id='word_1_35' title='bbox 1058 584 1117 642; x_wconf 88' lang='lat' dir='ltr'>sint</span> 
     </span>
    </p>

    <p class='ocr_par' dir='ltr' id='par_1_3' title="bbox 75 668 1170 1105">
     <span class='ocr_line' id='line_1_6' title="bbox 75 668 1116 750; baseline 0.001 -20"><span class='ocrx_word' id='word_1_36' title='bbox 75 671 204 732; x_wconf 76' lang='lat' dir='ltr'>cholera</span> <span class='ocrx_word' id='word_1_37' title='bbox 234 671 366 750; x_wconf 82' lang='lat' dir='ltr'>diversa3</span> <span class='ocrx_word' id='word_1_38' title='bbox 403 668 511 729; x_wconf 88' lang='lat' dir='ltr'>deinde</span> <span class='ocrx_word' id='word_1_39' title='bbox 543 671 608 748; x_wconf 88' lang='lat' dir='ltr'>ipsa</span> <span class='ocrx_word' id='word_1_40' title='bbox 639 669 741 730; x_wconf 84' lang='lat' dir='ltr'>holera</span> <span class='ocrx_word' id='word_1_41' title='bbox 775 672 845 730; x_wconf 91' lang='lat' dir='ltr'>trita</span> <span class='ocrx_word' id='word_1_42' title='bbox 874 671 900 729; x_wconf 92' lang='lat' dir='ltr'>si</span> <span class='ocrx_word' id='word_1_43' title='bbox 926 671 1116 750; x_wconf 81' lang='lat' dir='ltr'>inponantur,</span> 
     </span>
     <span class='ocr_line' id='line_1_7' title="bbox 102 757 1170 838; baseline -0.003 -17"><span class='ocrx_word' id='word_1_44' title='bbox 102 759 186 821; x_wconf 88' lang='lat' dir='ltr'>valde</span> <span class='ocrx_word' id='word_1_45' title='bbox 203 765 338 838; x_wconf 87' lang='lat' dir='ltr'>prosunt.</span> <span class='ocrx_word' id='word_1_46' title='bbox 368 757 475 817; x_wconf 88' lang='lat' dir='ltr'>Farina</span> <span class='ocrx_word' id='word_1_47' title='bbox 495 757 548 817; x_wconf 90' lang='lat' dir='ltr'>lini</span> <span class='ocrx_word' id='word_1_48' title='bbox 567 760 690 820; x_wconf 88' lang='lat' dir='ltr'>seminis</span> <span class='ocrx_word' id='word_1_49' title='bbox 709 758 755 818; x_wconf 85' lang='lat' dir='ltr'>vel</span> <span class='ocrx_word' id='word_1_50' title='bbox 774 758 867 818; x_wconf 84' lang='lat' dir='ltr'>farina</span> <span class='ocrx_word' id='word_1_51' title='bbox 887 760 949 818; x_wconf 91' lang='lat' dir='ltr'>ervi</span> <span class='ocrx_word' id='word_1_52' title='bbox 968 758 1013 819; x_wconf 85' lang='lat' dir='ltr'>vel</span> <span class='ocrx_word' id='word_1_53' title='bbox 1033 759 1116 820; x_wconf 92' lang='lat' dir='ltr'>lenti·</span> <span class='ocrx_word' id='word_1_54' title='bbox 1135 767 1170 818; x_wconf 84' lang='grc'>45</span> 
     </span>
     <span class='ocr_line' id='line_1_8' title="bbox 103 846 1115 928; baseline 0.001 -19"><span class='ocrx_word' id='word_1_55' title='bbox 103 848 188 910; x_wconf 90' lang='lat' dir='ltr'>culae</span> <span class='ocrx_word' id='word_1_56' title='bbox 210 847 331 908; x_wconf 88' lang='lat' dir='ltr'>decocta</span> <span class='ocrx_word' id='word_1_57' title='bbox 360 854 389 906; x_wconf 92' lang='lat' dir='ltr'>et</span> <span class='ocrx_word' id='word_1_58' title='bbox 417 864 453 906; x_wconf 91' lang='lat' dir='ltr'>ex</span> <span class='ocrx_word' id='word_1_59' title='bbox 481 846 568 907; x_wconf 92' lang='lat' dir='ltr'>melle</span> <span class='ocrx_word' id='word_1_60' title='bbox 597 847 730 927; x_wconf 92' lang='lat' dir='ltr'>adposita</span> <span class='ocrx_word' id='word_1_61' title='bbox 753 850 984 926; x_wconf 91' lang='lat' dir='ltr'>suppurationes</span> <span class='ocrx_word' id='word_1_62' title='bbox 1009 856 1039 909; x_wconf 89' lang='lat' dir='ltr'>et</span> <span class='ocrx_word' id='word_1_63' title='bbox 1061 867 1115 928; x_wconf 94' lang='lat' dir='ltr'>pu-</span> 
     </span>
     <span class='ocr_line' id='line_1_9' title="bbox 105 935 1115 1016; baseline -0.001 -18"><span class='ocrx_word' id='word_1_64' title='bbox 105 936 199 998; x_wconf 90' lang='lat' dir='ltr'>stulas</span> <span class='ocrx_word' id='word_1_65' title='bbox 221 935 475 1016; x_wconf 85' lang='lat' dir='ltr'>ulcerumsanat,</span> <span class='ocrx_word' id='word_1_66' title='bbox 499 937 588 996; x_wconf 84' lang='lat' dir='ltr'>etiarn</span> <span class='ocrx_word' id='word_1_67' title='bbox 611 935 790 1014; x_wconf 83' lang='lat' dir='ltr'>genitalibus</span> <span class='ocrx_word' id='word_1_68' title='bbox 813 935 1016 1000; x_wconf 81' lang='lat' dir='ltr'>laborantibus</span> <span class='ocrx_word' id='word_1_69' title='bbox 1040 936 1115 998; x_wconf 89' lang='lat' dir='ltr'>bene</span> 
     </span>
     <span class='ocr_line' id='line_1_10' title="bbox 104 1023 1169 1105; baseline -0.005 -19"><span class='ocrx_word' id='word_1_70' title='bbox 104 1025 240 1086; x_wconf 90' lang='lat' dir='ltr'>adicitur.</span> <span class='ocrx_word' id='word_1_71' title='bbox 271 1023 353 1086; x_wconf 88' lang='lat' dir='ltr'>Ciuis</span> <span class='ocrx_word' id='word_1_72' title='bbox 371 1026 476 1085; x_wconf 91' lang='lat' dir='ltr'>vitium</span> <span class='ocrx_word' id='word_1_73' title='bbox 496 1043 565 1084; x_wconf 94' lang='lat' dir='ltr'>cum</span> <span class='ocrx_word' id='word_1_74' title='bbox 583 1027 709 1103; x_wconf 82' lang='lat' dir='ltr'>axungia</span> <span class='ocrx_word' id='word_1_75' title='bbox 729 1033 828 1086; x_wconf 88' lang='lat' dir='ltr'>vetere</span> <span class='ocrx_word' id='word_1_76' title='bbox 847 1027 995 1105; x_wconf 92' lang='lat' dir='ltr'>inpositus</span> <span class='ocrx_word' id='word_1_77' title='bbox 1013 1038 1117 1104; x_wconf 92' lang='lat' dir='ltr'>pustu·</span> <span class='ocrx_word' id='word_1_78' title='bbox 1135 1033 1169 1082; x_wconf 74' lang='lat' dir='ltr'>tt</span> 
     </span>
    </p>

    <p class='ocr_par' dir='ltr' id='par_1_4' title="bbox 62 1112 1172 1530">
     <span class='ocr_line' id='line_1_11' title="bbox 62 1112 1171 1192; baseline -0.003 -20"><span class='ocrx_word' id='word_1_79' title='bbox 62 1132 89 1172; x_wconf 77' lang='lat' dir='ltr'>so</span> <span class='ocrx_word' id='word_1_80' title='bbox 103 1113 146 1175; x_wconf 92' lang='lat' dir='ltr'>las</span> <span class='ocrx_word' id='word_1_81' title='bbox 169 1130 273 1174; x_wconf 88' lang='lat' dir='ltr'>omnes</span> <span class='ocrx_word' id='word_1_82' title='bbox 292 1115 324 1174; x_wconf 93' lang='lat' dir='ltr'>in</span> <span class='ocrx_word' id='word_1_83' title='bbox 343 1112 475 1192; x_wconf 89' lang='lat' dir='ltr'>qualibet</span> <span class='ocrx_word' id='word_1_84' title='bbox 493 1119 578 1191; x_wconf 90' lang='lat' dir='ltr'>parte</span> <span class='ocrx_word' id='word_1_85' title='bbox 596 1116 732 1192; x_wconf 89' lang='lat' dir='ltr'>corporis</span> <span class='ocrx_word' id='word_1_86' title='bbox 751 1121 836 1174; x_wconf 93' lang='lat' dir='ltr'>curat</span> <span class='ocrx_word' id='word_1_87' title='bbox 855 1121 885 1174; x_wconf 89' lang='lat' dir='ltr'>et</span> <span class='ocrx_word' id='word_1_88' title='bbox 904 1123 995 1175; x_wconf 90' lang='lat' dir='ltr'>sanat.</span> <span class='ocrx_word' id='word_1_89' title='bbox 1037 1114 1118 1175; x_wconf 81' lang='lat' dir='ltr'>Folia</span> <span class='ocrx_word' id='word_1_90' title='bbox 1137 1121 1171 1170; x_wconf 81' lang='grc'>48</span> 
     </span>
     <span class='ocr_line' id='line_1_12' title="bbox 103 1201 1117 1281; baseline -0.002 -17"><span class='ocrx_word' id='word_1_91' title='bbox 103 1203 196 1264; x_wconf 84' lang='lat' dir='ltr'>olivae</span> <span class='ocrx_word' id='word_1_92' title='bbox 220 1202 463 1264; x_wconf 89' lang='lat' dir='ltr'>commanducata</span> <span class='ocrx_word' id='word_1_93' title='bbox 485 1211 515 1263; x_wconf 90' lang='lat' dir='ltr'>et</span> <span class='ocrx_word' id='word_1_94' title='bbox 533 1204 661 1281; x_wconf 92' lang='lat' dir='ltr'>inposita</span> <span class='ocrx_word' id='word_1_95' title='bbox 680 1201 832 1265; x_wconf 83' lang='lat' dir='ltr'>ulceribus</span> <span class='ocrx_word' id='word_1_96' title='bbox 851 1201 1039 1263; x_wconf 88' lang='lat' dir='ltr'>manantibus</span> <span class='ocrx_word' id='word_1_97' title='bbox 1058 1221 1117 1262; x_wconf 89' lang='lat' dir='ltr'>me·</span> 
     </span>
     <span class='ocr_line' id='line_1_13' title="bbox 104 1289 1171 1353; baseline -0.007 0"><span class='ocrx_word' id='word_1_98' title='bbox 104 1292 221 1353; x_wconf 87' lang='lat' dir='ltr'>dentur.</span> <span class='ocrx_word' id='word_1_99' title='bbox 261 1289 389 1352; x_wconf 89' lang='lat' dir='ltr'>Oleastri</span> <span class='ocrx_word' id='word_1_100' title='bbox 412 1290 552 1352; x_wconf 82' lang='lat' dir='ltr'>cauliculi</span> <span class='ocrx_word' id='word_1_101' title='bbox 575 1293 672 1352; x_wconf 91' lang='lat' dir='ltr'>teneri</span> <span class='ocrx_word' id='word_1_102' title='bbox 695 1291 811 1352; x_wconf 88' lang='lat' dir='ltr'>decocti</span> <span class='ocrx_word' id='word_1_103' title='bbox 834 1298 951 1351; x_wconf 91' lang='lat' dir='ltr'>etcum</span> <span class='ocrx_word' id='word_1_104' title='bbox 971 1290 1056 1350; x_wconf 90' lang='lat' dir='ltr'>melle</span> <span class='ocrx_word' id='word_1_105' title='bbox 1075 1293 1119 1352; x_wconf 92' lang='lat' dir='ltr'>in·</span> <span class='ocrx_word' id='word_1_106' title='bbox 1137 1297 1171 1346; x_wconf 86' lang='grc'>45</span> 
     </span>
     <span class='ocr_line' id='line_1_14' title="bbox 103 1377 1118 1460; baseline -0.002 -20"><span class='ocrx_word' id='word_1_107' title='bbox 103 1383 193 1460; x_wconf 92' lang='lat' dir='ltr'>positi</span> <span class='ocrx_word' id='word_1_108' title='bbox 221 1396 328 1440; x_wconf 88' lang='lat' dir='ltr'>carnes</span> <span class='ocrx_word' id='word_1_109' title='bbox 356 1397 445 1458; x_wconf 89' lang='lat' dir='ltr'>supra</span> <span class='ocrx_word' id='word_1_110' title='bbox 474 1379 574 1440; x_wconf 88' lang='lat' dir='ltr'>oscula</span> <span class='ocrx_word' id='word_1_111' title='bbox 604 1382 635 1439; x_wconf 92' lang='lat' dir='ltr'>in</span> <span class='ocrx_word' id='word_1_112' title='bbox 668 1378 842 1439; x_wconf 91' lang='lat' dir='ltr'>vulneribus</span> <span class='ocrx_word' id='word_1_113' title='bbox 875 1377 1024 1457; x_wconf 89' lang='lat' dir='ltr'>quaelibet</span> <span class='ocrx_word' id='word_1_114' title='bbox 1051 1396 1118 1457; x_wconf 92' lang='lat' dir='ltr'>pro·</span> 
     </span>
     <span class='ocr_line' id='line_1_15' title="bbox 104 1467 1172 1530; baseline -0.007 0"><span class='ocrx_word' id='word_1_115' title='bbox 104 1469 208 1530; x_wconf 91' lang='lat' dir='ltr'>bibent</span> <span class='ocrx_word' id='word_1_116' title='bbox 231 1486 413 1530; x_wconf 89' lang='lat' dir='ltr'>excrescere.</span> <span class='ocrx_word' id='word_1_117' title='bbox 442 1467 541 1528; x_wconf 83' lang='lat' dir='ltr'>Herba</span> <span class='ocrx_word' id='word_1_118' title='bbox 560 1467 725 1528; x_wconf 89' lang='lat' dir='ltr'>chelidonia</span> <span class='ocrx_word' id='word_1_119' title='bbox 745 1469 873 1528; x_wconf 90' lang='lat' dir='ltr'>contrita</span> <span class='ocrx_word' id='word_1_120' title='bbox 892 1474 1009 1528; x_wconf 91' lang='lat' dir='ltr'>etcum</span> <span class='ocrx_word' id='word_1_121' title='bbox 1028 1485 1118 1528; x_wconf 91' lang='lat' dir='ltr'>axun-</span> <span class='ocrx_word' id='word_1_122' title='bbox 1138 1474 1172 1524; x_wconf 89' lang='grc' dir='ltr'>5ο</span> 
     </span>
    </p>

    <p class='ocr_par' dir='ltr' id='par_1_5' title="bbox 63 1555 1173 1993">
     <span class='ocr_line' id='line_1_16' title="bbox 63 1555 1119 1638; baseline -0.001 -22"><span class='ocrx_word' id='word_1_123' title='bbox 63 1575 90 1616; x_wconf 81' lang='lat'>15</span> <span class='ocrx_word' id='word_1_124' title='bbox 104 1560 151 1638; x_wconf 85' lang='lat' dir='ltr'>gia</span> <span class='ocrx_word' id='word_1_125' title='bbox 179 1566 280 1619; x_wconf 88' lang='lat' dir='ltr'>vetere</span> <span class='ocrx_word' id='word_1_126' title='bbox 308 1555 430 1618; x_wconf 88' lang='lat' dir='ltr'>subacta</span> <span class='ocrx_word' id='word_1_127' title='bbox 459 1564 490 1616; x_wconf 91' lang='lat' dir='ltr'>et</span> <span class='ocrx_word' id='word_1_128' title='bbox 516 1559 644 1636; x_wconf 90' lang='lat' dir='ltr'>inposita</span> <span class='ocrx_word' id='word_1_129' title='bbox 676 1556 777 1618; x_wconf 92' lang='lat' dir='ltr'>ulcera</span> <span class='ocrx_word' id='word_1_130' title='bbox 810 1563 926 1617; x_wconf 88' lang='lat' dir='ltr'>vetusta</span> <span class='ocrx_word' id='word_1_131' title='bbox 960 1564 990 1616; x_wconf 93' lang='lat' dir='ltr'>et</span> <span class='ocrx_word' id='word_1_132' title='bbox 1021 1557 1119 1636; x_wconf 90' lang='lat' dir='ltr'>putria</span> 
     </span>
     <span class='ocr_line' id='line_1_17' title="bbox 105 1644 1172 1727; baseline -0.005 -20"><span class='ocrx_word' id='word_1_133' title='bbox 105 1655 213 1727; x_wconf 84' lang='lat' dir='ltr'>purgat</span> <span class='ocrx_word' id='word_1_134' title='bbox 236 1655 266 1707; x_wconf 90' lang='lat' dir='ltr'>et</span> <span class='ocrx_word' id='word_1_135' title='bbox 289 1654 381 1706; x_wconf 91' lang='lat' dir='ltr'>sanat.</span> <span class='ocrx_word' id='word_1_136' title='bbox 421 1644 520 1706; x_wconf 88' lang='lat' dir='ltr'>Nuces</span> <span class='ocrx_word' id='word_1_137' title='bbox 539 1645 692 1724; x_wconf 81' lang='lat' dir='ltr'>iuglandes</span> <span class='ocrx_word' id='word_1_138' title='bbox 709 1652 882 1726; x_wconf 87' lang='lat' dir='ltr'>perveteres</span> <span class='ocrx_word' id='word_1_139' title='bbox 901 1647 1045 1707; x_wconf 88' lang='lat' dir='ltr'>contritae</span> <span class='ocrx_word' id='word_1_140' title='bbox 1065 1644 1119 1725; x_wconf 86' lang='lat' dir='ltr'>vel,</span> <span class='ocrx_word' id='word_1_141' title='bbox 1138 1652 1172 1702; x_wconf 87' lang='grc'>51</span> 
     </span>
     <span class='ocr_line' id='line_1_18' title="bbox 105 1733 1120 1815; baseline -0.002 -19"><span class='ocrx_word' id='word_1_142' title='bbox 105 1735 185 1814; x_wconf 92' lang='lat' dir='ltr'>quod</span> <span class='ocrx_word' id='word_1_143' title='bbox 213 1733 320 1796; x_wconf 93' lang='lat' dir='ltr'>melius</span> <span class='ocrx_word' id='word_1_144' title='bbox 354 1743 413 1814; x_wconf 88' lang='lat' dir='ltr'>est,</span> <span class='ocrx_word' id='word_1_145' title='bbox 444 1736 704 1797; x_wconf 90' lang='lat' dir='ltr'>commanducatae</span> <span class='ocrx_word' id='word_1_146' title='bbox 735 1744 765 1796; x_wconf 91' lang='lat' dir='ltr'>et</span> <span class='ocrx_word' id='word_1_147' title='bbox 796 1737 942 1815; x_wconf 87' lang='lat' dir='ltr'>inpositae</span> <span class='ocrx_word' id='word_1_148' title='bbox 971 1735 1120 1814; x_wconf 86' lang='lat' dir='ltr'>singulare</span> 
     </span>
     <span class='ocr_line' id='line_1_19' title="bbox 105 1823 1173 1902; baseline -0.004 -18"><span class='ocrx_word' id='word_1_149' title='bbox 105 1824 272 1885; x_wconf 91' lang='lat' dir='ltr'>remedium</span> <span class='ocrx_word' id='word_1_150' title='bbox 299 1823 451 1884; x_wconf 90' lang='lat' dir='ltr'>ulceribus</span> <span class='ocrx_word' id='word_1_151' title='bbox 478 1832 639 1902; x_wconf 88' lang='lat' dir='ltr'>praestant.</span> <span class='ocrx_word' id='word_1_152' title='bbox 681 1824 808 1885; x_wconf 89' lang='lat' dir='ltr'>Glandes</span> <span class='ocrx_word' id='word_1_153' title='bbox 837 1824 874 1885; x_wconf 90' lang='lat' dir='ltr'>de</span> <span class='ocrx_word' id='word_1_154' title='bbox 900 1823 1008 1885; x_wconf 91' lang='lat' dir='ltr'>robore</span> <span class='ocrx_word' id='word_1_155' title='bbox 1031 1827 1118 1886; x_wconf 90' lang='lat' dir='ltr'>tritae</span> <span class='ocrx_word' id='word_1_156' title='bbox 1139 1830 1173 1880; x_wconf 80' lang='lat'>52</span> 
     </span>
     <span class='ocr_line' id='line_1_20' title="bbox 106 1913 1121 1993; baseline -0.002 -19"><span class='ocrx_word' id='word_1_157' title='bbox 106 1931 175 1974; x_wconf 92' lang='lat' dir='ltr'>cum</span> <span class='ocrx_word' id='word_1_158' title='bbox 198 1914 324 1992; x_wconf 79' lang='lat' dir='ltr'>axungia</span> <span class='ocrx_word' id='word_1_159' title='bbox 348 1920 378 1973; x_wconf 87' lang='lat' dir='ltr'>ct</span> <span class='ocrx_word' id='word_1_160' title='bbox 400 1914 545 1992; x_wconf 89' lang='lat' dir='ltr'>inpositae</span> <span class='ocrx_word' id='word_1_161' title='bbox 569 1913 707 1993; x_wconf 87' lang='lat' dir='ltr'>duritias,</span> <span class='ocrx_word' id='word_1_162' title='bbox 736 1931 809 1992; x_wconf 88' lang='lat' dir='ltr'>quas</span> <span class='ocrx_word' id='word_1_163' title='bbox 833 1913 989 1974; x_wconf 72' lang='lat' dir='ltr'>cacoethes</span> <span class='ocrx_word' id='word_1_164' title='bbox 1012 1914 1121 1974; x_wconf 89' lang='lat' dir='ltr'>medici</span> 
     </span>
    </p>

    <p class='ocr_par' dir='ltr' id='par_1_6' title="bbox 66 2000 1175 2435">
     <span class='ocr_line' id='line_1_21' title="bbox 66 2000 1173 2082; baseline -0.002 -24"><span class='ocrx_word' id='word_1_165' title='bbox 66 2018 93 2058; x_wconf 81' lang='lat' dir='ltr'>ao</span> <span class='ocrx_word' id='word_1_166' title='bbox 107 2011 221 2082; x_wconf 82' lang='lat' dir='ltr'>vocant,</span> <span class='ocrx_word' id='word_1_167' title='bbox 236 2001 395 2061; x_wconf 90' lang='lat' dir='ltr'>emendant</span> <span class='ocrx_word' id='word_1_168' title='bbox 409 2010 439 2061; x_wconf 91' lang='lat' dir='ltr'>et</span> <span class='ocrx_word' id='word_1_169' title='bbox 452 2002 628 2080; x_wconf 89' lang='lat' dir='ltr'>reprimunt.</span> <span class='ocrx_word' id='word_1_170' title='bbox 660 2000 713 2060; x_wconf 92' lang='lat' dir='ltr'>Pix</span> <span class='ocrx_word' id='word_1_171' title='bbox 727 2000 844 2061; x_wconf 92' lang='lat' dir='ltr'>Bruttia</span> <span class='ocrx_word' id='word_1_172' title='bbox 858 2019 926 2062; x_wconf 91' lang='lat' dir='ltr'>cum</span> <span class='ocrx_word' id='word_1_173' title='bbox 945 2001 1031 2060; x_wconf 91' lang='lat' dir='ltr'>melle</span> <span class='ocrx_word' id='word_1_174' title='bbox 1050 2003 1120 2061; x_wconf 89' lang='lat' dir='ltr'>trita</span> <span class='ocrx_word' id='word_1_175' title='bbox 1140 2007 1173 2056; x_wconf 80' lang='grc'>55</span> 
     </span>
     <span class='ocr_line' id='line_1_22' title="bbox 107 2088 1119 2169; baseline -0.003 -19"><span class='ocrx_word' id='word_1_176' title='bbox 107 2098 138 2150; x_wconf 92' lang='lat' dir='ltr'>et</span> <span class='ocrx_word' id='word_1_177' title='bbox 164 2092 293 2169; x_wconf 91' lang='lat' dir='ltr'>inposita</span> <span class='ocrx_word' id='word_1_178' title='bbox 320 2088 421 2150; x_wconf 92' lang='lat' dir='ltr'>ulcera</span> <span class='ocrx_word' id='word_1_179' title='bbox 449 2090 546 2149; x_wconf 92' lang='lat' dir='ltr'>omnia</span> <span class='ocrx_word' id='word_1_180' title='bbox 574 2098 682 2168; x_wconf 85' lang='lat' dir='ltr'>purgat</span> <span class='ocrx_word' id='word_1_181' title='bbox 706 2098 735 2150; x_wconf 88' lang='lat' dir='ltr'>ct</span> <span class='ocrx_word' id='word_1_182' title='bbox 759 2096 856 2169; x_wconf 89' lang='lat' dir='ltr'>sanat,</span> <span class='ocrx_word' id='word_1_183' title='bbox 885 2088 988 2149; x_wconf 91' lang='lat' dir='ltr'>eadem</span> <span class='ocrx_word' id='word_1_184' title='bbox 1011 2091 1061 2167; x_wconf 88' lang='lat' dir='ltr'>pix</span> <span class='ocrx_word' id='word_1_185' title='bbox 1085 2106 1119 2147; x_wconf 90' lang='lat' dir='ltr'>ex</span> 
     </span>
     <span class='ocr_line' id='line_1_23' title="bbox 108 2176 1120 2258; baseline -0.004 -19"><span class='ocrx_word' id='word_1_186' title='bbox 108 2197 162 2240; x_wconf 88' lang='lat' dir='ltr'>uva</span> <span class='ocrx_word' id='word_1_187' title='bbox 185 2197 271 2258; x_wconf 90' lang='lat' dir='ltr'>passa</span> <span class='ocrx_word' id='word_1_188' title='bbox 293 2186 418 2257; x_wconf 84' lang='lat' dir='ltr'>purgata</span> <span class='ocrx_word' id='word_1_189' title='bbox 443 2186 472 2238; x_wconf 93' lang='lat' dir='ltr'>et</span> <span class='ocrx_word' id='word_1_190' title='bbox 495 2196 563 2238; x_wconf 93' lang='lat' dir='ltr'>cum</span> <span class='ocrx_word' id='word_1_191' title='bbox 587 2179 714 2256; x_wconf 80' lang='lat' dir='ltr'>axungia</span> <span class='ocrx_word' id='word_1_192' title='bbox 736 2186 837 2238; x_wconf 84' lang='lat' dir='ltr'>vetere</span> <span class='ocrx_word' id='word_1_193' title='bbox 860 2178 989 2255; x_wconf 91' lang='lat' dir='ltr'>inposita</span> <span class='ocrx_word' id='word_1_194' title='bbox 1015 2176 1120 2236; x_wconf 91' lang='lat' dir='ltr'>uleeri-</span> 
     </span>
     <span class='ocr_line' id='line_1_24' title="bbox 106 2265 1175 2346; baseline -0.007 -18"><span class='ocrx_word' id='word_1_195' title='bbox 106 2267 163 2328; x_wconf 92' lang='lat' dir='ltr'>bus</span> <span class='ocrx_word' id='word_1_196' title='bbox 190 2269 336 2328; x_wconf 91' lang='lat' dir='ltr'>medetur.</span> <span class='ocrx_word' id='word_1_197' title='bbox 381 2266 478 2346; x_wconf 77' lang='lat' dir='ltr'>Aqua,</span> <span class='ocrx_word' id='word_1_198' title='bbox 506 2268 538 2326; x_wconf 93' lang='lat' dir='ltr'>in</span> <span class='ocrx_word' id='word_1_199' title='bbox 566 2285 623 2346; x_wconf 90' lang='lat' dir='ltr'>qua</span> <span class='ocrx_word' id='word_1_200' title='bbox 646 2266 804 2328; x_wconf 90' lang='lat' dir='ltr'>lentiscum</span> <span class='ocrx_word' id='word_1_201' title='bbox 828 2266 996 2346; x_wconf 88' lang='lat' dir='ltr'>decoxeris,</span> <span class='ocrx_word' id='word_1_202' title='bbox 1020 2265 1120 2326; x_wconf 91' lang='lat' dir='ltr'>ulcera</span> <span class='ocrx_word' id='word_1_203' title='bbox 1140 2272 1175 2321; x_wconf 86' lang='grc'>54</span> 
     </span>
     <span class='ocr_line' id='line_1_25' title="bbox 107 2353 1173 2435; baseline -0.006 -18"><span class='ocrx_word' id='word_1_204' title='bbox 107 2375 182 2435; x_wconf 87' lang='lat' dir='ltr'>quae</span> <span class='ocrx_word' id='word_1_205' title='bbox 206 2363 332 2435; x_wconf 90' lang='lat' dir='ltr'>serpunt</span> <span class='ocrx_word' id='word_1_206' title='bbox 355 2354 469 2416; x_wconf 89' lang='lat' dir='ltr'>utiliter</span> <span class='ocrx_word' id='word_1_207' title='bbox 491 2354 613 2416; x_wconf 88' lang='lat' dir='ltr'>fovebis.</span> <span class='ocrx_word' id='word_1_208' title='bbox 648 2355 765 2418; x_wconf 89' lang='lat' dir='ltr'>Hedera</span> <span class='ocrx_word' id='word_1_209' title='bbox 789 2375 825 2416; x_wconf 91' lang='lat' dir='ltr'>ex</span> <span class='ocrx_word' id='word_1_210' title='bbox 848 2358 915 2424; x_wconf 87' lang='lat' dir='ltr'>vino</span> <span class='ocrx_word' id='word_1_211' title='bbox 935 2356 1057 2416; x_wconf 91' lang='lat' dir='ltr'>decocta</span> <span class='ocrx_word' id='word_1_212' title='bbox 1077 2353 1119 2415; x_wconf 91' lang='lat' dir='ltr'>ul·</span> <span class='ocrx_word' id='word_1_213' title='bbox 1139 2362 1173 2411; x_wconf 89' lang='grc'>55</span> 
     </span>
    </p>

    <p class='ocr_par' dir='ltr' id='par_1_7' title="bbox 67 2443 1174 2880">
     <span class='ocr_line' id='line_1_26' title="bbox 67 2443 1174 2527; baseline 0 -26"><span class='ocrx_word' id='word_1_214' title='bbox 67 2459 94 2501; x_wconf 77' lang='lat' dir='ltr'>es</span> <span class='ocrx_word' id='word_1_215' title='bbox 108 2444 240 2525; x_wconf 87' lang='lat' dir='ltr'>ceribus,</span> <span class='ocrx_word' id='word_1_216' title='bbox 264 2443 502 2523; x_wconf 87' lang='lat' dir='ltr'>quibuscumque</span> <span class='ocrx_word' id='word_1_217' title='bbox 525 2446 693 2527; x_wconf 83' lang='lat' dir='ltr'>inponitur,</span> <span class='ocrx_word' id='word_1_218' title='bbox 715 2445 846 2525; x_wconf 90' lang='lat' dir='ltr'>prodest.</span> <span class='ocrx_word' id='word_1_219' title='bbox 884 2444 964 2506; x_wconf 85' lang='lat' dir='ltr'>Ciuis</span> <span class='ocrx_word' id='word_1_220' title='bbox 988 2463 1024 2505; x_wconf 94' lang='lat' dir='ltr'>ex</span> <span class='ocrx_word' id='word_1_221' title='bbox 1048 2445 1120 2505; x_wconf 89' lang='lat' dir='ltr'>ossi·</span> <span class='ocrx_word' id='word_1_222' title='bbox 1140 2451 1174 2501; x_wconf 87' lang='grc'>55</span> 
     </span>
     <span class='ocr_line' id='line_1_27' title="bbox 106 2532 1121 2614; baseline 0 -21"><span class='ocrx_word' id='word_1_223' title='bbox 106 2533 163 2595; x_wconf 94' lang='lat' dir='ltr'>bus</span> <span class='ocrx_word' id='word_1_224' title='bbox 187 2551 331 2612; x_wconf 85' lang='lat' dir='ltr'>agnorum</span> <span class='ocrx_word' id='word_1_225' title='bbox 354 2541 436 2593; x_wconf 90' lang='lat' dir='ltr'>recte</span> <span class='ocrx_word' id='word_1_226' title='bbox 459 2532 617 2595; x_wconf 86' lang='lat' dir='ltr'>adhibetur</span> <span class='ocrx_word' id='word_1_227' title='bbox 641 2534 801 2609; x_wconf 87' lang='lat' dir='ltr'>ulceribus,</span> <span class='ocrx_word' id='word_1_228' title='bbox 826 2553 901 2614; x_wconf 90' lang='lat' dir='ltr'>quae</span> <span class='ocrx_word' id='word_1_229' title='bbox 920 2552 980 2594; x_wconf 92' lang='lat' dir='ltr'>non</span> <span class='ocrx_word' id='word_1_230' title='bbox 998 2533 1121 2595; x_wconf 91' lang='lat' dir='ltr'>trahunt</span> 
     </span>
     <span class='ocr_line' id='line_1_28' title="bbox 107 2620 1173 2702; baseline -0.005 -20"><span class='ocrx_word' id='word_1_231' title='bbox 107 2625 285 2683; x_wconf 90' lang='lat' dir='ltr'>cicatricem.</span> <span class='ocrx_word' id='word_1_232' title='bbox 327 2620 431 2682; x_wconf 92' lang='lat' dir='ltr'>Pulmo</span> <span class='ocrx_word' id='word_1_233' title='bbox 459 2624 604 2683; x_wconf 92' lang='lat' dir='ltr'>arietinus</span> <span class='ocrx_word' id='word_1_234' title='bbox 630 2623 743 2685; x_wconf 89' lang='lat' dir='ltr'>calidus</span> <span class='ocrx_word' id='word_1_235' title='bbox 766 2623 920 2702; x_wconf 90' lang='lat' dir='ltr'>adpositus</span> <span class='ocrx_word' id='word_1_236' title='bbox 943 2641 1049 2684; x_wconf 87' lang='lat' dir='ltr'>earnes</span> <span class='ocrx_word' id='word_1_237' title='bbox 1072 2629 1173 2684; x_wconf 77' lang='grc'><strong>55-51</strong></span> 
     </span>
     <span class='ocr_line' id='line_1_29' title="bbox 107 2710 1174 2792; baseline -0.005 -20"><span class='ocrx_word' id='word_1_238' title='bbox 107 2719 278 2772; x_wconf 90' lang='lat' dir='ltr'>crescentes</span> <span class='ocrx_word' id='word_1_239' title='bbox 306 2712 336 2770; x_wconf 91' lang='lat' dir='ltr'>in</span> <span class='ocrx_word' id='word_1_240' title='bbox 365 2710 539 2772; x_wconf 87' lang='lat' dir='ltr'>vulneribus</span> <span class='ocrx_word' id='word_1_241' title='bbox 565 2721 708 2790; x_wconf 87' lang='lat' dir='ltr'>exaequat</span> <span class='ocrx_word' id='word_1_242' title='bbox 732 2722 762 2774; x_wconf 89' lang='lat' dir='ltr'>et</span> <span class='ocrx_word' id='word_1_243' title='bbox 784 2714 929 2792; x_wconf 83' lang='lat' dir='ltr'>reprimit.</span> <span class='ocrx_word' id='word_1_244' title='bbox 970 2710 1035 2771; x_wconf 90' lang='lat' dir='ltr'>Vim</span> <span class='ocrx_word' id='word_1_245' title='bbox 1060 2729 1120 2771; x_wconf 89' lang='lat' dir='ltr'>ser·</span> <span class='ocrx_word' id='word_1_246' title='bbox 1140 2718 1174 2767; x_wconf 86' lang='grc'>58</span> 
     </span>
     <span class='ocr_line' id='line_1_30' title="bbox 108 2799 1122 2880; baseline -0.002 -20"><span class='ocrx_word' id='word_1_247' title='bbox 108 2803 242 2880; x_wconf 84' lang='lat' dir='ltr'>pontium</span> <span class='ocrx_word' id='word_1_248' title='bbox 267 2799 401 2859; x_wconf 89' lang='lat' dir='ltr'>ulcerum</span> <span class='ocrx_word' id='word_1_249' title='bbox 426 2807 546 2859; x_wconf 89' lang='lat' dir='ltr'>coercet</span> <span class='ocrx_word' id='word_1_250' title='bbox 570 2799 632 2859; x_wconf 93' lang='lat' dir='ltr'>calx</span> <span class='ocrx_word' id='word_1_251' title='bbox 657 2802 720 2860; x_wconf 90' lang='lat' dir='ltr'>viva</span> <span class='ocrx_word' id='word_1_252' title='bbox 743 2819 780 2860; x_wconf 90' lang='lat' dir='ltr'>ex</span> <span class='ocrx_word' id='word_1_253' title='bbox 803 2809 886 2860; x_wconf 92' lang='lat' dir='ltr'>aceto</span> <span class='ocrx_word' id='word_1_254' title='bbox 909 2809 939 2859; x_wconf 91' lang='lat' dir='ltr'>et</span> <span class='ocrx_word' id='word_1_255' title='bbox 957 2799 1022 2860; x_wconf 91' lang='lat' dir='ltr'>oleo</span> <span class='ocrx_word' id='word_1_256' title='bbox 1042 2818 1122 2859; x_wconf 91' lang='lat' dir='ltr'>rosa·</span> 
     </span>
    </p>

    <p class='ocr_par' dir='ltr' id='par_1_8' title="bbox 68 2886 1177 3234">
     <span class='ocr_line' id='line_1_31' title="bbox 68 2886 1123 2966; baseline 0.001 -22"><span class='ocrx_word' id='word_1_257' title='bbox 68 2903 95 2944; x_wconf 85' lang='lat' dir='ltr'>eo</span> <span class='ocrx_word' id='word_1_258' title='bbox 109 2906 163 2949; x_wconf 88' lang='lat' dir='ltr'>cco</span> <span class='ocrx_word' id='word_1_259' title='bbox 187 2896 350 2966; x_wconf 86' lang='lat' dir='ltr'>temperata</span> <span class='ocrx_word' id='word_1_260' title='bbox 374 2894 463 2963; x_wconf 89' lang='lat' dir='ltr'>atque</span> <span class='ocrx_word' id='word_1_261' title='bbox 486 2886 583 2965; x_wconf 91' lang='lat' dir='ltr'>inlita,</span> <span class='ocrx_word' id='word_1_262' title='bbox 611 2904 734 2946; x_wconf 88' lang='lat' dir='ltr'>rosaceo</span> <span class='ocrx_word' id='word_1_263' title='bbox 763 2897 860 2946; x_wconf 92' lang='lat' dir='ltr'>autem</span> <span class='ocrx_word' id='word_1_264' title='bbox 890 2895 920 2946; x_wconf 92' lang='lat' dir='ltr'>et</span> <span class='ocrx_word' id='word_1_265' title='bbox 948 2905 1033 2946; x_wconf 89' lang='lat' dir='ltr'>cerae</span> <span class='ocrx_word' id='word_1_266' title='bbox 1057 2905 1123 2964; x_wconf 93' lang='lat' dir='ltr'>per·</span> 
     </span>
     <span class='ocr_line' id='line_1_32' title="bbox 108 2972 1177 3056; baseline -0.007 -18"><span class='ocrx_word' id='word_1_267' title='bbox 108 2979 200 3038; x_wconf 89' lang='lat' dir='ltr'>mixta</span> <span class='ocrx_word' id='word_1_268' title='bbox 225 2994 293 3037; x_wconf 92' lang='lat' dir='ltr'>mox</span> <span class='ocrx_word' id='word_1_269' title='bbox 316 2974 455 3056; x_wconf 89' lang='lat' dir='ltr'>perducit</span> <span class='ocrx_word' id='word_1_270' title='bbox 477 2973 513 3032; x_wconf 95' lang='lat' dir='ltr'>ad</span> <span class='ocrx_word' id='word_1_271' title='bbox 537 2974 714 3032; x_wconf 90' lang='lat' dir='ltr'>cicatricem.</span> <span class='ocrx_word' id='word_1_272' title='bbox 753 2972 957 3032; x_wconf 85' lang='lat' dir='ltr'>Carcinomata</span> <span class='ocrx_word' id='word_1_273' title='bbox 980 2982 1124 3033; x_wconf 92' lang='lat' dir='ltr'>curantur</span> <span class='ocrx_word' id='word_1_274' title='bbox 1143 2981 1177 3030; x_wconf 84' lang='grc'>59</span> 
     </span>
     <span class='ocr_line' id='line_1_33' title="bbox 109 3060 1124 3144; baseline -0.007 -18"><span class='ocrx_word' id='word_1_275' title='bbox 109 3065 233 3144; x_wconf 81' lang='lat' dir='ltr'>coagulo</span> <span class='ocrx_word' id='word_1_276' title='bbox 257 3064 368 3144; x_wconf 89' lang='lat' dir='ltr'>leporis</span> <span class='ocrx_word' id='word_1_277' title='bbox 392 3080 460 3124; x_wconf 92' lang='lat' dir='ltr'>cum</span> <span class='ocrx_word' id='word_1_278' title='bbox 483 3063 549 3142; x_wconf 92' lang='lat' dir='ltr'>pari</span> <span class='ocrx_word' id='word_1_279' title='bbox 571 3060 703 3141; x_wconf 91' lang='lat' dir='ltr'>pondere</span> <span class='ocrx_word' id='word_1_280' title='bbox 727 3061 875 3142; x_wconf 91' lang='lat' dir='ltr'>capparis,</span> <span class='ocrx_word' id='word_1_281' title='bbox 907 3060 985 3139; x_wconf 92' lang='lat' dir='ltr'>quod</span> <span class='ocrx_word' id='word_1_282' title='bbox 1009 3068 1124 3120; x_wconf 91' lang='lat' dir='ltr'>utrum·</span> 
     </span>
     <span class='ocr_line' id='line_1_34' title="bbox 110 3148 1177 3234; baseline -0.007 -19"><span class='ocrx_word' id='word_1_283' title='bbox 110 3173 168 3234; x_wconf 87' lang='lat' dir='ltr'>que</span> <span class='ocrx_word' id='word_1_284' title='bbox 194 3157 262 3214; x_wconf 90' lang='lat' dir='ltr'>vino</span> <span class='ocrx_word' id='word_1_285' title='bbox 285 3171 439 3233; x_wconf 92' lang='lat' dir='ltr'>aspersum</span> <span class='ocrx_word' id='word_1_286' title='bbox 463 3169 521 3213; x_wconf 93' lang='lat' dir='ltr'>una</span> <span class='ocrx_word' id='word_1_287' title='bbox 545 3153 653 3212; x_wconf 90' lang='lat' dir='ltr'>teritur</span> <span class='ocrx_word' id='word_1_288' title='bbox 672 3151 764 3211; x_wconf 89' lang='lat' dir='ltr'>etsie</span> <span class='ocrx_word' id='word_1_289' title='bbox 783 3148 949 3229; x_wconf 88' lang='lat' dir='ltr'>adponitur.</span> <span class='ocrx_word' id='word_1_290' title='bbox 987 3148 1124 3209; x_wconf 87' lang='lat' dir='ltr'>Carcino-</span> <span class='ocrx_word' id='word_1_291' title='bbox 1144 3159 1177 3208; x_wconf 85' lang='grc'>50</span> 
     </span>
    </p>
   </div>
   <div class='ocr_carea' id='block_1_3' title="bbox 69 3236 1176 3589">
    <p class='ocr_par' dir='ltr' id='par_1_9' title="bbox 69 3236 1176 3410">
     <span class='ocr_line' id='line_1_35' title="bbox 109 3236 1124 3324; baseline -0.007 -20"><span class='ocrx_word' id='word_1_292' title='bbox 109 3245 207 3324; x_wconf 87' lang='lat' dir='ltr'>matis,</span> <span class='ocrx_word' id='word_1_293' title='bbox 232 3260 307 3322; x_wconf 89' lang='lat' dir='ltr'>quae</span> <span class='ocrx_word' id='word_1_294' title='bbox 332 3250 456 3321; x_wconf 90' lang='lat' dir='ltr'>serpunt</span> <span class='ocrx_word' id='word_1_295' title='bbox 479 3243 559 3302; x_wconf 89' lang='lat' dir='ltr'>circa</span> <span class='ocrx_word' id='word_1_296' title='bbox 578 3239 688 3321; x_wconf 88' lang='lat' dir='ltr'>ulcera,</span> <span class='ocrx_word' id='word_1_297' title='bbox 711 3239 751 3300; x_wconf 86' lang='lat' dir='ltr'>fel</span> <span class='ocrx_word' id='word_1_298' title='bbox 772 3241 908 3299; x_wconf 91' lang='lat' dir='ltr'>ursinum</span> <span class='ocrx_word' id='word_1_299' title='bbox 929 3236 975 3298; x_wconf 91' lang='lat' dir='ltr'>vel</span> <span class='ocrx_word' id='word_1_300' title='bbox 994 3239 1068 3298; x_wconf 92' lang='lat' dir='ltr'>cinis</span> <span class='ocrx_word' id='word_1_301' title='bbox 1088 3238 1124 3298; x_wconf 94' lang='lat' dir='ltr'>de</span> 
     </span>
     <span class='ocr_line' id='line_1_36' title="bbox 69 3326 1176 3410; baseline -0.002 -22"><span class='ocrx_word' id='word_1_302' title='bbox 69 3333 188 3392; x_wconf 75' lang='lat' dir='ltr'>erasini</span> <span class='ocrx_word' id='word_1_303' title='bbox 210 3329 320 3409; x_wconf 82' lang='lat' dir='ltr'>ungula</span> <span class='ocrx_word' id='word_1_304' title='bbox 344 3339 447 3392; x_wconf 89' lang='lat' dir='ltr'>exusta</span> <span class='ocrx_word' id='word_1_305' title='bbox 466 3348 520 3410; x_wconf 91' lang='lat' dir='ltr'>per</span> <span class='ocrx_word' id='word_1_306' title='bbox 538 3328 691 3410; x_wconf 90' lang='lat' dir='ltr'>pinnulam</span> <span class='ocrx_word' id='word_1_307' title='bbox 710 3328 786 3389; x_wconf 90' lang='lat' dir='ltr'>bene</span> <span class='ocrx_word' id='word_1_308' title='bbox 805 3328 973 3408; x_wconf 92' lang='lat' dir='ltr'>adponitur.</span> <span class='ocrx_word' id='word_1_309' title='bbox 1010 3326 1123 3407; x_wconf 88' lang='lat' dir='ltr'>Ulcera,</span> <span class='ocrx_word' id='word_1_310' title='bbox 1143 3336 1176 3387; x_wconf 88' lang='grc'>51</span> 
     </span>
    </p>

    <p class='ocr_par' dir='ltr' id='par_1_10' title="bbox 111 3417 1124 3501">
     <span class='ocr_line' id='line_1_37' title="bbox 111 3417 1124 3501; baseline -0.002 -21"><span class='ocrx_word' id='word_1_311' title='bbox 111 3438 188 3500; x_wconf 84' lang='lat' dir='ltr'>quae</span> <span class='ocrx_word' id='word_1_312' title='bbox 212 3419 360 3484; x_wconf 89' lang='lat' dir='ltr'>sordidata</span> <span class='ocrx_word' id='word_1_313' title='bbox 384 3427 463 3501; x_wconf 91' lang='lat' dir='ltr'>sunt,</span> <span class='ocrx_word' id='word_1_314' title='bbox 486 3420 547 3480; x_wconf 85' lang='lat' dir='ltr'>fimi</span> <span class='ocrx_word' id='word_1_315' title='bbox 570 3417 688 3480; x_wconf 82' lang='lat' dir='ltr'>vitulini</span> <span class='ocrx_word' id='word_1_316' title='bbox 711 3419 811 3478; x_wconf 88' lang='lat' dir='ltr'>cinere</span> <span class='ocrx_word' id='word_1_317' title='bbox 836 3427 866 3479; x_wconf 89' lang='lat' dir='ltr'>et</span> <span class='ocrx_word' id='word_1_318' title='bbox 887 3417 1027 3479; x_wconf 89' lang='lat' dir='ltr'>muliebri</span> <span class='ocrx_word' id='word_1_319' title='bbox 1048 3417 1124 3480; x_wconf 89' lang='lat' dir='ltr'>lacte</span> 
     </span>
    </p>

    <p class='ocr_par' dir='ltr' id='par_1_11' title="bbox 110 3506 1149 3589">
     <span class='ocr_line' id='line_1_38' title="bbox 110 3506 1149 3589; baseline -0.003 -19"><span class='ocrx_word' id='word_1_320' title='bbox 110 3518 286 3589; x_wconf 83' lang='lat' dir='ltr'>purgantur.</span> <span class='ocrx_word' id='word_1_321' title='bbox 326 3507 457 3571; x_wconf 87' lang='lat' dir='ltr'>Vetustis</span> <span class='ocrx_word' id='word_1_322' title='bbox 480 3506 632 3570; x_wconf 87' lang='lat' dir='ltr'>ulceribus</span> <span class='ocrx_word' id='word_1_323' title='bbox 656 3509 807 3572; x_wconf 77' lang='lat' dir='ltr'>vettonica</span> <span class='ocrx_word' id='word_1_324' title='bbox 829 3526 904 3572; x_wconf 89' lang='lat' dir='ltr'>cum</span> <span class='ocrx_word' id='word_1_325' title='bbox 923 3507 989 3572; x_wconf 80' lang='lat' dir='ltr'>sale</span> <span class='ocrx_word' id='word_1_326' title='bbox 1007 3509 1149 3572; x_wconf 65' lang='lat' dir='ltr'>contium</span> 
     </span>
    </p>
   </div>
   <div class='ocr_carea' id='block_1_4' title="bbox 0 0 1230 3802">
    <p class='ocr_par' dir='ltr' id='par_1_12' title="bbox 0 0 1230 3802">
     <span class='ocr_line' id='line_1_39' title="bbox 0 0 1230 3802; baseline 0 0"><span class='ocrx_word' id='word_1_327' title='bbox 0 0 1230 3802; x_wconf 95' lang='lat' dir='ltr'> </span> 
     </span>
    </p>
   </div>
  </div>
 </body>
</html>
