2438 3802
486 161 727 226 -3512-

10 364 12 369 -
99 320 266 383 involutum
293 325 324 382 in
353 322 478 382 ventrali
505 330 617 403 gestes3
648 323 781 384 dolorem
809 340 869 383 non
895 325 1018 403 patieris
1046 328 1110 386 eius

99 411 167 491 loci,
191 410 226 471 de
252 429 310 490 quo
332 411 425 472 luerit
448 409 558 490 aliquid
583 411 732 472 eductum.
1203 474 1208 483 ,

188 499 254 560 Μ33
279 499 437 578 degluptus
461 507 490 559 et
512 517 568 578 per
590 500 721 560 medium
741 509 878 560 exsectus
897 499 1108 579 adpositusquc
1128 513 1163 563 33

100 590 212 666 omnia,
236 606 310 666 quae
333 587 516 648 inhaeserint
539 590 666 669 corpori,
689 586 774 649 facile
797 588 944 667 producit.
986 587 1109 649 Crustae
1128 602 1164 651 33

73 677 147 738 3331
174 695 242 736 3333
269 678 419 754 sepiarum
447 675 655 738 conburuntur
679 678 813 756 cinisque
837 695 939 737 earum
961 678 1110 755 inpositus

101 766 210 845 educit,
229 782 433 843 quaecumque
453 766 573 842 corpori
590 765 782 827 inhaeserint.
804 764 902 826 Alium
917 765 1026 826 elixum
1042 783 1110 825 cum
1129 779 1162 828 37

101 856 167 933 pice
190 854 353 931 inpositum
376 852 537 913 arundines
561 853 689 914 extrahit
711 855 831 932 corpori
853 853 972 914 adfixas.
1008 853 1110 914 Filicis
1129 866 1163 916 38

101 942 185 1004 radix
213 943 281 1002 trita
310 940 486 1002 arundinem
514 941 654 1021 extrahit,
686 960 807 1002 rursum
839 943 995 1003 arundinis
1027 943 1111 1002 radix

101 1039 188 1092 tunsa
207 1031 393 1109 inpositaque
413 1029 529 1109 filicem,
552 1048 627 1108 quae
647 1032 767 1108 corpori
784 1029 954 1110 inhaeserit,
973 1031 1110 1091 celeriter

61 1135 88 1176 ao
102 1119 242 1180 extrudit.
288 1118 421 1178 herilolii
449 1117 532 1178 radix
566 1120 703 1179 contrita·
725 1120 912 1196 inpositaque
945 1118 1005 1198 his,
1035 1137 1110 1196 quae
1129 1131 1163 1181 33

102 1208 221 1286 corpori
241 1206 437 1287 adhaeserint,
459 1213 597 1284 potenter
620 1207 764 1266 medetur.

190 1294 312 1373 Blattae,
335 1294 365 1354 id
389 1305 435 1355 est
456 1293 608 1375 bestiolae,
632 1295 782 1355 adstrictis
805 1292 1050 1372 tumentibusque
1074 1294 1110 1354 de
1129 1307 1163 1356 40

102 1385 211 1444 iniuria
233 1381 360 1461 pedihus
382 1390 413 1443 et
435 1383 501 1443 talis
524 1385 611 1444 tritae
635 1391 723 1462 atque
742 1383 887 1462 inpositae
906 1383 1013 1460 omnia,
1036 1399 1111 1460 quae

101 1472 284 1532 inhaeserint
302 1472 429 1552 corpori,
448 1478 587 1550 potenter
605 1471 764 1549 expellunt.
793 1470 886 1533 Radix
901 1471 1045 1530 silvestris
1060 1488 1110 1530 cu·
1129 1483 1163 1532 41

62 1575 88 1617 15
102 1562 232 1622 cumeris
265 1577 333 1620 cum
360 1559 454 1621 farina
486 1560 539 1620 lini
571 1562 693 1621 seminis
723 1561 850 1638 inposita
877 1559 960 1619 valde
989 1557 1111 1637 prodest

101 1649 243 1710 eiciendis
265 1648 321 1724 his,
346 1667 421 1727 quae
440 1650 560 1728 corpori
577 1649 769 1709 inhaeserint.
803 1647 920 1708 Urticae
939 1647 1023 1707 radix
1042 1664 1110 1707 oum
1129 1659 1163 1709 42

101 1737 161 1798 sale
188 1739 259 1798 trita
282 1745 370 1816 atque
394 1736 527 1816 adposita
550 1737 701 1817 producit,
730 1753 934 1816 quaecumque
960 1735 1111 1796 haeserint

101 1833 153 1885 aut
175 1825 285 1884 calcata
308 1827 427 1885 luerint.
868 1858 889 1899 t

191 1911 412 1991 Cuiuscumque
436 1912 568 1973 animalis
592 1913 748 1991 coagulum
768 1914 893 1973 maxime
912 1910 1022 1990 leporis
1041 1929 1110 1972 cum
1129 1924 1163 1974 43

61 2017 87 2056 so
102 2002 167 2079 pari
190 1999 321 2078 pondere
345 2001 422 2060 turis
444 2000 491 2060 331
513 2003 587 2062 31331
608 2003 772 2080 inpositum
794 2017 969 2080 permanere
993 2002 1024 2060 in
1046 2018 1109 2059 cor·

101 2106 174 2167 pore
208 2105 283 2165 quae
313 2087 423 2148 calcata
451 2096 521 2149 sum
547 2107 608 2149 uon
635 2092 714 2150 sinit.
760 2090 961 2168 Argimoniam
988 2087 1113 2148 herham
1129 2102 1165 2151 44

101 2186 181 2236 teres
201 2184 231 2236 et
249 2175 323 2255 loco,
346 2178 396 2236 cui
414 2175 524 2255 aliquid
543 2176 682 2258 haeserit,
703 2179 920 2256 superpositam
940 2175 1110 2257 conligahis,

101 2265 258 2326 confestim
275 2264 423 2346 proderit3
442 2264 498 2326 hoc
518 2273 673 2345 expertum
693 2285 758 2328 esse
777 2266 843 2345 legi.
870 2265 981 2326 Terrae
1001 2264 1110 2325 malum
1129 2278 1164 2327 43

101 2373 170 2416 cum
193 2353 279 2414 melle
303 2361 383 2414 teres
406 2363 437 2415 et
454 2357 579 2434 inpones
598 2355 634 2415 ad
653 2358 760 2437 omnia,
779 2373 983 2436 quaecumque
1001 2353 1111 2414 calcata

61 2456 87 2498 aa
103 2442 219 2503 extrahi
246 2442 389 2524 volueris3
417 2442 473 2505 hoc
502 2446 574 2505 satis
597 2443 670 2505 utile
694 2447 866 2524 experieris.
906 2443 1018 2523 Nepeta
1042 2461 1110 2504 con·
1129 2456 1164 2506 43

100 2528 170 2591 trita
195 2531 239 2591 331
262 2531 331 2592 rubi
350 2533 427 2614 lolia,
450 2551 517 2594 nam
537 2533 616 2593 idem
634 2541 795 2613 praestant,
818 2535 945 2613 inposita
964 2532 1038 2612 loco,
1062 2533 1112 2593 cui

101 2619 211 2698 aliquid
234 2619 409 2700 inhaeserit,
432 2629 571 2698 potenter
593 2621 759 2701 medentur,
784 2623 810 2680 si
832 2621 960 2700 desuper
984 2639 1020 2680 ex
1042 2620 1111 2680 hor-

101 2707 195 2766 diacia
214 2707 308 2766 farina
326 2707 454 2767 massula
472 2710 562 2766 nimis
582 2707 657 2767 salsa
677 2715 707 2767 et
726 2708 825 2767 calens
840 2708 1013 2785 adponatur.
1040 2707 1109 2767 Lar·
1129 2721 1165 2768 47

101 2793 172 2853 dum
191 2799 309 2876 coctum
327 2811 395 2852 cum
413 2796 518 2870 pingui
536 2810 591 2852 suo
611 2794 838 2871 adpositumque
856 2801 995 2872 potenter
1013 2797 1111 2853 omnia

61 2896 87 2937 so
102 2878 231 2958 expellit,
256 2897 330 2957 quae
354 2881 474 2956 corpori
496 2877 688 2958 inhaeserint,
712 2883 738 2940 si
760 2880 820 2940 illic
843 2880 988 2957 alligetur.

190 2966 285 3027 Clavis
303 2966 414 3045 pedum
432 2964 573 3045 callisque
593 2974 623 3026 et
641 2969 775 3027 verrucis
793 2967 866 3027 haec
883 2966 1014 3027 remedia
1028 2966 1111 3026 utilia
1129 2980 1167 3029 43

102 3065 179 3117 sunt.
225 3054 298 3115 Nam
325 3054 477 3134 plerisque
505 3055 624 3114 nomine
653 3054 843 3115 clavellorum
870 3056 1018 3134 pernicies
1041 3057 1110 3114 arti-

101 3144 176 3206 culis
204 3146 358 3224 increscit,
387 3161 462 3223 quae
491 3142 635 3204 obdurata
663 3143 735 3204 callo
765 3143 892 3222 quodam
920 3143 1042 3221 rigescit
1067 3145 1111 3202 in-

102 3232 319 3312 credibilesque
340 3232 459 3295 exhibet
473 3230 643 3293 ambulandi
656 3231 855 3294 difficultates.
882 3231 962 3294 Haec
976 3229 1112 3291 molestia

191 3372 223 3420 10
242 3367 322 3422 radix
340 3383 391 3423 om.
471 3373 503 3423 11
524 3384 652 3442 corpote.
725 3374 766 3424 44
783 3383 917 3439 corpore.
987 3368 1030 3417 th
1049 3357 1153 3423 excesu

95 3437 149 3503 coi·
195 3438 443 3518 ,1943333133
521 3448 556 3501 21
577 3439 877 3518 aghmomohsxuu.
935 3438 982 3488 ‘th
996 3424 1174 3497 ursam*

84 3506 272 3564 3733113313
349 3515 531 3589 ropinqua.
613 3525 649 3577 33
670 3515 806 3594 rigisc'xh.
