2438 3802
520 173 759 238 -166—

130 342 260 403 cduntnr
282 340 372 419 idque
396 341 497 398 vinnm
520 339 609 397 etiam
628 353 744 396 merum
763 341 895 412 potatum
915 333 1145 411 sanguinulenta

76 444 110 493 81
131 429 338 492 excreantibus
362 427 492 507 prodest.
531 424 693 503 coagulum
717 424 871 483 cervinum
894 423 955 482 sive
974 421 1145 500 leporinum

130 522 191 582 sive
215 519 375 579 haedinum
398 518 429 576 in
452 517 573 593 potione
598 513 727 573 solutum
751 510 864 572 bibitur
888 509 1002 570 utiliter
1025 509 1062 570 ab
1082 529 1144 570 crn-

129 610 224 689 pyicis
248 607 294 668 vel
317 605 517 683 aemoptyicis,
540 603 653 663 cervini
677 619 795 680 quoqne
821 617 930 660 cornus
949 601 1047 659 exusti
1066 601 1144 660 cinis

76 710 110 759 82
129 700 161 758 in
188 698 308 775 potione
337 695 424 754 datus
448 691 585 752 similiter
608 690 753 751 medetur.
793 687 929 748 Bubulns
952 690 1072 766 sanguis
1097 689 1172 749 velo

129 784 274 844 haedinus
298 783 418 860 sanguis
442 798 548 841 recens
568 798 635 839 cum
654 781 720 858 pari
737 795 876 838 mensura
895 778 972 837 aceti
990 776 1145 838 discoctus

130 873 304 949 sanguinem
331 868 539 930 excreantibus
566 867 703 947 prodest,
731 870 756 928 si
783 884 838 945 pcr
861 864 994 925 cocleare
1018 865 1144 927 adsidue

76 974 110 1023 83
130 959 313 1038 degustetur.
359 958 526 1037 Glutinum‚
550 975 609 1036 quo
633 958 735 1017 charta
758 955 935 1034 glutinatur,
959 953 1088 1015 calidum
1112 958 1145 1016 in

129 1048 251 1108 modum
274 1047 446 1108 sorbitionis
470 1046 608 1106 hauritur
631 1045 677 1105 vel
700 1064 735 1105 ex
759 1063 834 1123 aqna
854 1043 947 1103 calida
967 1045 1144 1122 sanguinem

77 1151 112 1200 84
131 1135 339 1197 excreantibus
363 1135 458 1197 datur.
497 1134 602 1196 Nuclci
625 1132 844 1212 amygdalarum
868 1134 932 1192 triti
956 1151 1024 1192 cum
1043 1133 1185 1194 amulone

130 1234 161 1286 et
182 1234 283 1287 menta
306 1227 376 1286 trita
398 1227 429 1285 in
454 1223 586 1304 qualibet
608 1224 728 1301 potione
752 1221 866 1282 utiliter
889 1221 926 1282 ab
951 1224 1144 1301 acmoptyicis

76 1326 110 1377 85
130 1313 176 1374 vel
199 1317 340 1395 empyicis
363 1315 552 1375 hauriuntur.
588 1312 696 1373 Samen
720 1309 818 1371 salicis
841 1312 946 1371 tritum
970 1318 1055 1370 etex
1075 1313 1144 1371 vino

129 1412 247 1464 austere
271 1411 423 1482 sumptum
447 1405 621 1481 sanguinem
638 1401 800 1461 tnssicntes
819 1401 899 1460 sistit
917 1408 947 1459 et
964 1401 1069 1459 vitium
1092 1419 1144 1478 po-

76 1503 110 1552 86
129 1499 228 1553 tenter
251 1491 396 1552 emendat.
437 1490 572 1551 Hederae
594 1489 699 1568 bacae,
722 1506 796 1567 quac
822 1495 892 1549 sunt
915 1486 1021 1567 luteae,
1044 1490 1144 1567 inpari

129 1597 254 1641 numero
282 1582 369 1640 tritae
394 1588 483 1640 etex
512 1597 587 1657 aqua
615 1578 714 1656 tepida
741 1585 827 1656 potae
855 1576 1000 1656 pthisicos
1028 1585 1144 1638 sanant.
1159 1595 1184 1636 ra

76 1679 109 1729 87
129 1667 245 1729 Herbae
274 1670 438 1729 vettonicae
466 1666 535 1727 folia
563 1669 595 1726 in
622 1665 728 1726 umbra
755 1666 884 1726 arefacta
912 1675 942 1726 ct
969 1672 1056 1725 tunsa
1087 1669 1143 1726 cri-

128 1756 271 1836 brataque
295 1759 432 1836 reponito
455 1764 544 1835 atque
567 1755 637 1815 inde
657 1753 804 1815 laboranti
823 1754 906 1815 vulso
926 1755 1073 1814 victoriati
1098 1774 1143 1815 ar-

128 1849 227 1924 gentei
250 1845 366 1925 pondus
391 1864 427 1906 ex
445 1863 532 1924 passo
551 1843 714 1905 bibendum
733 1861 821 1922 saepe
840 1841 989 1922 praebeto.
1016 1842 1143 1912 eridam

129 1952 187 2014 qno
220 1937 372 2014 potentius
404 1933 514 1995 herbae
546 1932 636 1994 huius
669 1931 811 1994 auxilium
845 1932 992 2011 lacerent,
1025 1931 1142 1994 adiecto

127 2022 214 2083 melle
230 2023 393 2084 cribratum
407 2023 560 2103 pulverem
575 2021 856 2102 conprehenderunt
870 2028 958 2099 atquc
973 2020 1043 2080 iude
1058 2020 1142 2082 labae
1158 2039 1182 2079 so

127 2113 331 2192 magnitudine
355 2112 502 2172 dederuut
523 2111 726 2172 laborantibus
750 2109 895 2188 pthisicis‚
914 2108 1006 2169 vulsis
1025 2118 1055 2169 ct
1075 2129 1143 2172 ren·

127 2203 244 2261 maticis
267 2219 388 2280 cosque,
412 2202 464 2279 qui
487 2202 576 2260 ctiam
598 2198 758 2278 purulenta
777 2197 963 2277 cremabant,
987 2198 1143 2260 incolumi-

127 2292 181 2349 tati
204 2289 314 2349 solidae
338 2287 541 2348 reddiderunt.

75 2387 108 2437 88
216 2377 260 2436 dd
279 2376 423 2454 pthisicos
443 2375 608 2435 remedium
627 2383 657 2435 et
675 2392 816 2453 praesens
836 2383 866 2435 et
884 2377 1054 2456 maximnm,
1074 2393 1143 2435 nam

118 2465 218 2524 etiam
245 2466 322 2524 vitae
350 2462 457 2523 dubios
485 2470 569 2523 sanat
596 2472 626 2523 et
653 2461 762 2541 quibus
786 2481 855 2541 spes
878 2481 1036 2541 superesse
1061 2463 1141 2524 nulla
1156 2481 1182 2523 aa

128 2551 275 2612 videatur:
303 2550 382 2631 Equi
411 2550 529 2611 salivam
558 2550 604 2610 vel
632 2569 766 2629 spumam
790 2569 858 2612 cum
882 2570 956 2630 aqua
981 2551 1075 2612 calida
1098 2552 1142 2613 bi·

128 2638 253 2700 bendam
277 2658 331 2718 per
354 2639 487 2699 triduum
510 2637 607 2719 dabis,
632 2641 721 2700 etiam
745 2657 833 2719 quem
857 2643 934 2701 tussi
957 2640 1143 2701 intoleranda

129 2736 159 2789 et
182 2728 296 2789 diutina
319 2727 453 2789 laborare
472 2727 590 2809 videris,
613 2729 670 2789 hoc
689 2728 821 2789 remcdio
842 2728 995 2810 liberabis5
1019 2748 1143 2808 aegrum

128 2817 247 2897 quidem
272 2819 336 2878 sinc
360 2819 549 2879 cunctatione
573 2816 705 2900 sanabis,
729 2818 781 2879 scd
805 2836 915 2897 equum
939 2836 1019 2879 mors
1044 2818 1142 2880 subita

74 2919 108 2968 aa
128 2909 329 2987 consequitur.
361 2906 421 2968 Ova
445 2907 536 2968 cruda
560 2907 619 2968 duo
638 2910 669 2968 in
688 2907 811 2969 calicem
830 2914 1002 2986 verguntur,
1026 2925 1061 2966 eo
1082 2907 1142 2968 adi·
1156 2925 1182 2965 ao

128 2998 249 3059 ciuntur
277 2997 335 3058 olei
361 2998 466 3075 optimi
491 2996 582 3078 -V,
607 2999 675 3075 gari
701 2996 784 3057 doris
810 3029 847 3040 -
892 3044 901 3075 ,
928 2997 1008 3074 passi
1031 2995 1143 3057 Cretici

130 3119 167 3128 —
190 3084 213 3143 V
236 3105 364 3165 cumque
387 3087 460 3147 hacc
484 3089 514 3146 iu
538 3085 659 3146 calicem
684 3086 860 3163 conieceris,
886 3086 1029 3163 axungiae
1058 3094 1141 3146 vetu-

199 3256 396 3324 2quagulum.
468 3253 678 3323 4em0ptoicis.
752 3252 965 3322 8glnlbinatur.
1028 3255 1142 3311 rotrici

127 3343 192 3381 cum
210 3327 323 3394 scripsi:
351 3325 484 3379 triticum.
575 3325 669 3379 amulo
688 3325 794 3379 exbibet
812 3326 879 3390 cod,
900 3341 957 3379 troo
975 3323 1090 3394 amylon
1110 3333 1142 3381 ut

129 3396 282 3452 Gorrtoriua
300 3397 394 3451 edidit.
476 3400 507 3448 11
528 3395 702 3464 emoptoicis.
795 3400 827 3448 13
847 3398 958 3449 austero
978 3396 1140 3452 Oorrtarc'uo.

127 3467 281 3521 tussientia.
356 3471 388 3519 1⁶
408 3464 553 3534 lphisicos.
628 3471 660 3522 lc
679 3463 834 3520 vetonieaa.
897 3471 930 3520 21
950 3467 1140 3522 reumauticis.

127 3541 162 3589 22
176 3533 393 3590 incolomitatis.
439 3541 474 3590 26
493 3534 621 3592 salibam.
669 3541 703 3592 28
720 3535 856 3593 labereta.
907 3542 940 3590 32
960 3536 1140 3594 vcinssimac.
