2438 3802
491 186 527 196 -
576 150 729 216 259-

189 311 341 372 Confectio
365 313 478 373 conditi
501 313 640 393 neiritici,
664 314 743 392 quod
767 315 837 376 iacit
860 316 896 376 ad
916 316 1048 378 dolorem
1066 338 1112 380 re·
1131 332 1166 384 34

98 404 194 482 nium,
224 403 251 461 si
278 400 377 480 aliquo
405 421 476 462 casu
500 405 596 462 vexati
619 403 744 484 luerint,
774 411 804 464 et
828 404 863 464 ad
886 407 1018 466 vessicae
1041 426 1111 485 pur-

98 493 248 570 gationem
267 498 351 550 etex
371 509 404 550 ea
424 491 552 551 calculos
568 489 613 551 vel
628 491 765 553 sablones
781 493 941 575 eiciendos,
961 496 1017 556 sic:
1036 495 1111 556 Her-

98 579 154 640 bac
176 581 342 640 vettonicae
365 612 403 622 -
424 579 446 662 l,
470 580 579 641 herbae
603 581 765 661 saxifragae
787 615 828 625 -
848 582 869 663 l,
892 583 1012 665 herbae,
1035 603 1111 663 quac

69 687 84 728 o
98 667 264 748 appellatur
279 667 390 729 Graece
409 686 523 750 asaron,
543 673 734 752 semunciam,
753 673 875 732 seminis
892 672 978 733 dauci
993 691 1111 734 semun-

100 759 189 836 ciam,
217 758 338 818 seminis
366 757 539 836 petroselini
561 757 744 820 Macedonici
767 762 899 836 unciam,
923 764 1003 822 croci
1029 795 1067 805 -
1088 762 1110 843 l,

99 847 199 925 spicae
222 846 307 906 nardi
325 879 370 888 —
388 845 409 927 1,
433 848 604 925 piperis-
626 846 661 929 ll,
684 850 745 908 11111
768 849 886 910 candidi
909 853 1013 929 optimi
1033 859 1111 911 vete·

97 937 141 995 ris
165 937 309 996 sextarios
333 953 393 1017 sex,
416 934 512 995 mellis
536 936 702 1014 despumati
725 939 830 1016 optimi
848 936 880 998 ἃ
899 938 925 1020 I;
949 940 1028 1018 quod
1053 940 1110 1000 hoc

96 1024 185 1085 modo
209 1023 447 1105 despumahitur,
472 1031 505 1084 ut
527 1026 661 1086 mittatur
684 1028 716 1086 in
739 1026 826 1087 ollam
849 1035 879 1088 11
902 1030 1027 1106 accipiat
1050 1030 1111 1088 vini

55 1133 82 1171 ιο
96 1131 203 1194 parum
227 1113 263 1174 de
287 1131 378 1192 supra
402 1115 513 1192 scripta
536 1132 677 1174 mensura
700 1122 819 1176 etcum
842 1118 975 1194 coeperit
993 1116 1111 1196 bullire,

97 1221 202 1282 spuma
217 1204 313 1263 omnis
328 1202 449 1263 cocliari
462 1202 603 1282 paulatim
617 1202 745 1264 tollatur.
769 1203 885 1264 Herbae
898 1212 995 1265 autem
1007 1223 1110 1266 omues

97 1294 129 1352 in
147 1291 205 1370 pila
224 1291 402 1373 tunduntur,
422 1291 559 1352 similiter
573 1298 603 1352 et
617 1310 747 1372 crocum,
766 1292 818 1352 sed
838 1296 997 1370 separatim
1011 1295 1110 1354 omnia

98 1388 128 1441 ct
152 1379 272 1441 cribello
296 1383 471 1441 tenuissimo
496 1388 661 1441 cernuntur
684 1398 801 1440 necnon
825 1388 855 1441 et
877 1383 964 1460 piper
987 1384 1109 1464 teritur3

98 1486 173 1548 quae
197 1471 295 1530 omnia
319 1477 401 1530 creta
425 1469 513 1529 simul
537 1471 566 1529 111
589 1471 765 1530 mortarium
793 1472 954 1531 mittuntur
982 1478 1012 1530 et
1039 1490 1109 1550 pau-

55 1575 82 1616 15
96 1558 178 1620 latim
197 1561 267 1619 vino
285 1558 400 1620 adiecto
419 1557 577 1637 diligenter
595 1566 743 1619 teruntur.
775 1557 856 1630 Quae
876 1578 944 1620 cnm
963 1562 1033 1620 trita
1047 1560 1109 1620 fne-

96 1650 169 1728 rint,
196 1647 341 1708 adicietur
365 1646 477 1707 etmel
501 1656 530 1707 et
553 1648 654 1708 vinum
678 1655 773 1708 totum
797 1667 887 1728 supra
911 1650 1056 1728 scriptum
1080 1657 1110 1710 et

96 1737 254 1815 diligenter
273 1735 511 1816 permiscebitur,
534 1744 638 1814 postea
657 1736 803 1797 condetur
821 1739 852 1797 in
871 1737 989 1798 vasculo
1009 1756 1109 1798 caroe-

96 1827 195 1904 nar103
218 1843 286 1886 cum
308 1832 408 1886 autem
431 1825 521 1886 fuerit
539 1828 742 1885 necessarium
760 1826 935 1906 remedium,
957 1828 1109 1905 potionem

96 1915 128 1973 in
151 1913 269 1992 pisinno
293 1913 384 1975 calice
408 1913 490 1975 calda
513 1906 634 1974 miritam
655 1915 756 1974 ieiuno
775 1913 859 1974 dabis
877 1913 1044 1995 bibendam,
1068 1918 1109 1976 ita

54 2018 82 2057 20
96 2010 131 2063 ut
154 2009 274 2082 accepta
296 2006 417 2083 potione
440 2009 583 2063 vectetur.

185 2090 229 2151 Ad
248 2091 394 2153 calculum
414 2091 579 2151 remedium
598 2091 702 2151 efficax
721 2093 778 2152 sic:
800 2090 905 2152 Nuclei
923 2093 1005 2171 pinei
1018 2111 1108 2171 grana
1128 2103 1162 2153 35

95 2188 220 2260 purgata
242 2179 338 2259 XXX,
366 2179 509 2260 palmulas
532 2187 672 2259 purgatas
696 2179 808 2240 infusas
832 2178 896 2261 XV,
923 2181 1109 2259 tragacanthi

96 2263 135 2356 ᾖ
156 2269 234 2351 XVI,
262 2269 332 2330 mali
357 2271 473 2349 granati
496 2268 591 2329 dulcis
615 2287 720 2330 sucum
744 2261 783 2355 ,91
802 2267 880 2349 Vlll,
908 2271 990 2330 croci
1013 2261 1107 2356 9⁴11,

94 2377 211 2439 myrrae
223 2350 308 2445 211.
328 2357 407 2418 Haec
417 2359 556 2418 universa
570 2365 695 2418 contusa
710 2365 740 2418 et
754 2357 850 2418 soluta
860 2359 891 2418 in
902 2377 933 2418 se
943 2360 1109 2420 miscentur

54 2461 81 2502 2⁶
96 2456 125 2509 et
144 2466 181 2509 ex
199 2447 247 2509 his
266 2449 318 2528 qui
336 2445 450 2509 calculo
469 2445 583 2508 laborat
603 2465 689 2507 mane
708 2448 827 2508 ieiunus
847 2449 974 2527 accipiet
993 2447 1109 2509 coclear

96 2556 197 2619 unum,
220 2539 261 2599 ita
284 2544 318 2598 ut
340 2555 400 2597 non
419 2535 579 2596 manducet
596 2553 692 2615 usque
711 2535 800 2596 horas
819 2537 937 2615 prandii
959 2537 1107 2598 tardioris

184 2626 228 2686 Ad
243 2625 446 2687 reniculorum
461 2623 593 2684 dolorem
603 2624 768 2686 remedium
778 2625 969 2685 utilissimum
980 2628 1037 2686 sic:
1052 2625 1107 2686 Cu-
1127 2637 1160 2685 36

95 2717 226 2775 cumeris
245 2717 310 2776 1111
328 2732 430 2775 semen
449 2715 481 2774 in
494 2721 571 2774 testa
584 2731 679 2793 pones
694 2731 785 2793 super
799 2713 944 2774 carbones
958 2716 1049 2793 vivos,
1068 2717 1108 2774 ita

95 2810 130 2863 ut
148 2811 313 2882 temperate
332 2811 475 2864 eximatur
493 2821 591 2882 neque
610 2803 698 2862 nimis
717 2820 814 2880 neque
834 2819 948 2881 parum,
968 2808 998 2860 et
1016 2819 1052 2861 ex
1072 2820 1107 2860 eo

52 2906 80 2945 so
96 2882 136 2976 9·
152 2889 206 2950 Xll
226 2899 256 2952 et
275 2890 386 2952 malvae
405 2893 528 2953 seminis
543 2883 582 2976 β
597 2889 662 2949 XVl
680 2898 711 2950 11
724 2889 893 2969 amygdalae
907 2906 1023 2948 amarae
1037 2906 1107 2967 pur·

95 2987 179 3058 gatae
208 2973 247 3067 ,91
272 2977 399 3042 XXXVI.
440 2979 519 3042 Haec
549 2981 706 3058 separatim
734 2986 822 3039 tunsa
850 2995 918 3038 cum
941 2978 973 3036 iu
995 2978 1107 3037 tenuis·

95 3071 203 3129 simum
226 3069 379 3149 pulverem
401 3070 521 3131 redacta
544 3068 669 3143 fuerint,
698 3067 786 3128 simul
812 3068 934 3127 misceto
959 3073 1047 3127 etex
1072 3085 1106 3125 eo

95 3176 164 3217 cum
192 3157 363 3241 hepsemae,
390 3159 421 3220 id
449 3167 495 3220 est
522 3175 624 3238 sapae,
652 3157 757 3238 cyatho
786 3155 919 3218 cocleare
946 3173 1040 3217 unum
1070 3155 1106 3216 de

94 3264 181 3306 mane
205 3249 304 3308 ieiuno
328 3247 411 3309 dabis
434 3245 604 3308 bibendum.

185 3381 385 3452 4saxiiregae.
459 3385 584 3434 booron.
659 3379 809 3436 lcanditi.
888 3385 921 3435 1⁷
941 3379 1106 3435 caroencrio

92 3455 206 3525 scripsi:
225 3451 372 3509 candorio.
449 3457 483 3505 22
501 3449 652 3507 iracanlhi.
729 3457 764 3506 26
782 3465 869 3520 usque
888 3450 929 3506 ad
945 3452 1106 3505 Coronatus

93 3531 128 3581 30
146 3525 314 3597 amigdalae.
396 3528 431 3578 33
449 3521 616 3595 hepsemce]
634 3521 768 3595 ipsimae.
963 3605 983 3637 v,

921 3611 961 3662 Yl
