2438 3802
515 151 736 215 -96-

67 329 101 377 23
121 316 242 393 proprie
266 322 296 374 et
319 316 406 375 unice
425 313 541 374 tollunt.
576 313 666 374 Pueri
684 315 806 373 investis
826 315 913 373 urina
931 331 1038 374 recens
1058 317 1136 375 auri-

122 403 204 464 culae
234 403 346 464 dolenti
374 411 403 464 et
431 403 584 463 ulcerosae
612 401 753 463 instillata
780 404 862 462 omni
890 420 995 462 umore
1024 405 1135 464 siccato

67 505 103 555 24
122 500 151 552 et
175 491 306 552 dolorem
331 492 408 553 tollit
430 499 461 552 et
479 491 580 552 ulcera
599 494 674 551 mira
693 490 845 551 celeritate
863 498 1011 570 persanat.
1049 492 1136 553 Lotio

120 581 250 641 humano
269 590 370 641 vetere
386 583 412 640 si
426 583 492 660 quis
509 583 567 640 iarn
586 580 775 660 desperatum
795 581 912 640 aurium
932 582 1037 640 vitium
1056 580 1137 642 elue·

67 683 101 732 25
121 672 174 750 rit,
207 670 294 730 saluti
324 672 457 748 integrae
487 669 577 729 lenito
607 668 709 728 dolore
736 670 883 729 restituet.
929 667 983 728 Fel
1012 668 1161 732 ovilluma

120 759 216 819 mulso
241 760 366 819 mixtum
390 761 417 818 si
439 758 579 838 clysterio
603 757 752 818 addideris
776 765 806 817 et
828 757 898 817 inde
922 757 1072 819 auriculas
1092 761 1136 820 in·

120 849 271 928 rigaveris,
295 849 467 927 expurgatis
492 846 644 908 ulceribus
669 848 866 908 certissimam
889 848 1047 907 sanitatem
1066 866 1137 908 con-

122 938 271 1016 sequeris3
303 937 382 996 idem
410 935 451 996 lel
479 955 547 997 cum
574 935 650 996 lacte
678 935 813 996 mulieris
840 934 1016 996 instillatum
1046 938 1137 998 etiam

69 1037 103 1086 26
122 1032 226 1102 ruptas
248 1027 376 1086 interius
400 1026 738 1086 auriculascertissime
762 1032 854 1086 sanat.
891 1023 1049 1085 Coriendri
1066 1027 1137 1086 viri-

121 1113 166 1173 dis
195 1132 285 1175 sucus
315 1133 383 1174 cum
415 1113 491 1174 lacte
523 1113 663 1174 muliebri
689 1115 801 1173 mixtus
832 1113 950 1174 infusus
983 1115 1137 1176 auriculae
1149 1130 1171 1170 ro

67 1215 100 1265 27
122 1201 254 1262 dolorem
277 1221 396 1263 omnem
418 1209 558 1282 potenter
580 1203 686 1263 aulert.
731 1201 861 1262 Cannabi
884 1204 1007 1263 seminis
1031 1205 1136 1265 viridis

68 1305 102 1354 28
123 1310 213 1352 sucus
232 1300 337 1371 tepens
355 1290 515 1353 instillatus
534 1290 657 1352 auribus
673 1289 805 1350 dolorem
820 1292 917 1369 prime
931 1291 1016 1353 tollit.
1044 1292 1136 1354 Sene·

121 1383 215 1441 cionis
242 1381 352 1442 herbae
380 1399 471 1442 sucus
496 1381 600 1441 itidem
623 1379 745 1441 auribus
769 1381 901 1440 insertus
925 1381 1049 1441 eandem
1074 1382 1136 1444 elli-

121 1472 233 1531 caciam
259 1477 404 1551 praestat,
432 1469 511 1549 quod
539 1469 575 1529 ab
604 1477 727 1549 experto
756 1471 901 1548 scriptum
925 1477 955 1530 et
982 1471 1136 1550 proditum

68 1572 101 1622 29
122 1567 175 1619 est.
214 1558 246 1619 Si
269 1558 401 1619 auricula
425 1557 524 1636 aliquo
542 1565 629 1636 pacto
648 1560 749 1619 vitiata
768 1558 867 1640 luerit,
891 1561 1028 1621 anserina
1048 1561 1136 1641 adipe
1149 1575 1171 1617 u

67 1661 102 1710 30
121 1648 220 1708 inlusa
243 1646 402 1725 diligenter
425 1645 639 1725 expurgabitur
663 1649 840 1726 sanitatique
864 1648 1015 1710 reddetur.
1060 1650 1135 1711 Con·

119 1738 228 1814 positio
251 1735 456 1796 medicaminis
479 1735 516 1795 ad
535 1737 633 1795 omnia
652 1735 714 1795 lere
734 1739 851 1798 aurium
870 1739 940 1797 vitia
959 1740 1015 1798 sic:
1039 1738 1135 1800 Mellis

120 1826 296 1906 sextarium,
320 1826 396 1885 aceti
419 1823 495 1884 bene
519 1825 596 1884 acris
620 1823 783 1905 heminam,
813 1825 929 1886 radices
953 1844 1028 1904 quae
1053 1846 1134 1888 man-

120 1913 268 1973 ducantur
296 1922 359 1975 tres
388 1916 490 1975 mittes
517 1915 548 1973 in
576 1912 663 1973 ollam
698 1915 804 1974 rudem
836 1915 912 1974 bene
944 1914 1047 1994 lotam,
1082 1915 1134 1976 sed

118 2003 275 2064 mundatas
303 2011 333 2064 et
360 2005 491 2084 integras
519 2002 635 2063 radices
658 2006 759 2064 mittes
783 2011 813 2063 et
835 2005 947 2082 pariter
971 2002 1171 2084 decoques3n

119 2094 171 2155 sed
196 2101 312 2154 utnon
335 2093 530 2171 refrigeretur
553 2092 748 2172 medicamen,
774 2094 862 2152 citato
887 2093 954 2168 igne
979 2092 1135 2170 usquead

118 2182 240 2243 modum
263 2183 319 2244 luti
341 2184 505 2261 aquatioris
530 2181 727 2261 decoquatur,
755 2180 861 2240 deinde
885 2198 953 2240 curn
977 2179 1134 2260 refrigera·

118 2280 184 2332 tum
211 2272 311 2350 luerit,
340 2271 451 2330 condes
474 2268 548 2329 illud
570 2271 602 2328 in
625 2268 744 2329 vasculo
768 2269 861 2328 vitreo
886 2287 919 2328 ac
943 2269 1133 2351 tepefactum,

120 2358 261 2437 quamdiu
289 2357 423 2417 dolorem
451 2365 481 2417 et
504 2357 645 2416 tinnitum
669 2356 715 2416 vel
739 2358 869 2416 sonitum
891 2357 1042 2418 auriculae
1065 2377 1133 2438 per·

67 2457 100 2506 31
119 2445 223 2519 leniat,
249 2448 280 2505 in
303 2463 407 2506 aurem
430 2445 466 2505 de
490 2443 612 2524 specillo
636 2444 783 2504 infundes.
828 2444 986 2506 Infirmatis
1010 2447 1169 2508 auribusro

119 2533 243 2614 prodest
261 2535 421 2614 praecipue
440 2535 515 2612 picis
534 2533 598 2614 llos,
615 2551 704 2612 quem
717 2533 884 2612 pisselaeon
898 2535 1004 2596 Graeci
1018 2545 1134 2618 vocant,

120 2641 189 2683 cum
217 2622 281 2683 oleo
311 2623 463 2682 communi
491 2623 614 2702 mixtus,
646 2624 688 2682 ita
722 2630 755 2683 ut
782 2625 869 2683 tertia
901 2643 970 2703 pars
999 2627 1039 2685 sit
1067 2626 1134 2689 olei.

119 2710 192 2771 Nam
217 2720 246 2772 et
270 2711 404 2772 dolorem
423 2711 506 2772 sedat
526 2718 556 2771 et
574 2729 634 2770 non
653 2713 783 2790 patietur
804 2715 1050 2791 suppurationem
1070 2716 1134 2776 lieri

120 2807 150 2860 et
169 2801 195 2860 si
213 2801 290 2862 laeta
309 2801 409 2879 luerit,
431 2799 535 2861 eodem
555 2801 748 2862 medicamine
767 2809 951 2880 persanatur.
988 2803 1033 2863 Ad
1054 2822 1133 2866 sum·

119 2907 198 2951 mam
221 2908 275 2969 ego
298 2891 364 2969 ipse
388 2890 439 2950 diu
463 2897 585 2951 vexatus
610 2891 690 2950 auris
713 2890 825 2967 taedio,
853 2909 922 2951 cum
945 2892 1048 2953 multis
1072 2894 1133 2955 lru·
1147 2905 1170 2947 ³⁰

119 2987 180 3040 stra
209 2997 282 3040 usus
311 2996 408 3039 essem
436 2979 671 3054 medicamentis,
704 2978 740 3039 ab
772 2978 829 3039 hoc
862 2997 928 3040 sum
955 2990 1134 3059 persanatus

120 3076 150 3129 ct
181 3068 254 3129 alios
283 3066 443 3146 conplures
475 3070 583 3128 sanavi.
628 3067 747 3127 Florem
775 3075 874 3128 autem
901 3071 976 3146 picis
1007 3071 1133 3153 appello,

120 3159 172 3236 qui
206 3159 368 3238 excipitur,
400 3156 470 3217 dum
499 3175 532 3216 ea
565 3159 716 3238 coquitur,
748 3156 813 3217 lana
847 3161 1036 3237 superposita
1069 3163 1133 3222 eius

120 3249 234 3328 vapori,
257 3246 314 3307 hoc
338 3246 428 3305 etiam
451 3262 569 3323 gravem
594 3245 715 3306 odorem
739 3245 775 3306 de
799 3264 870 3307 aure
889 3249 1027 3326 protinus
1047 3248 1132 3311 tollit.

191 3383 317 3437 tmulso
336 3397 387 3436 om.
479 3385 511 3433 12
535 3380 637 3452 prime]
661 3381 787 3451 apprime
808 3379 967 3438 Coruoriuc.
1059 3383 1132 3439 soni-

120 3451 163 3505 cio
185 3452 215 3507 's.
272 3457 305 3507 15
324 3451 463 3506 anserino.
518 3456 552 3504 22
567 3450 631 3524 luti]
651 3453 704 3508 liii.
758 3457 792 3508 25
807 3451 918 3522 spicilli.
974 3452 1130 3511 infirmitas.

121 3527 153 3576 31
190 3540 237 3576 um
255 3521 434 3593 personabas]
455 3539 539 3592 super
558 3526 679 3578 sanetus.
