2438 3802
497 153 737 217 —347-

108 324 141 377 ut
168 315 256 376 modo
285 315 406 395 glutinis
430 314 635 394 adhaerescat,
663 317 751 394 pueri
778 334 848 376 vero
873 318 1066 379 continentur
1088 321 1118 379 in

107 404 225 484 lectulo,
248 405 344 464 donec
368 405 464 464 omnis
488 403 643 482 turpitudo
666 406 855 482 reprimatur.

196 493 373 574 Cyclamiuis
397 510 502 553 sucum
521 492 606 552 melle
625 491 714 572 Lycio
738 491 901 572 aequaliter
924 493 1063 555 miscebis
1087 507 1117 556 et
1136 509 1168 559 61

106 583 175 644 inde
194 581 359 662 pendentes
378 581 531 642 testiculos
550 581 668 663 inliues,
690 585 834 659 optimum
859 582 954 643 lectur
973 600 1038 643 esse
1058 601 1117 644 me-

79 671 249 733 sdicameu.

196 759 234 820 Ut
262 757 432 820 eunuchum
461 760 524 818 sine
552 758 631 818 ferro
660 758 762 838 iacias,
793 757 908 820 radices
937 761 1051 820 cicutae
1081 779 1117 820 ex
1137 771 1170 821 62

107 856 190 909 aceto
215 857 294 908 teres
317 853 347 907 et
370 845 439 906 iude
462 845 616 906 testiculos
640 847 820 925 spississime
838 847 955 926 inliues,
979 855 1042 908 tum
1062 848 1116 908 lin·

106 937 217 998 teolum
246 954 336 1015 supra
358 935 476 1016 ligabis,
505 953 542 995 ne
566 934 682 995 excidat
704 934 897 996 medicamen.
938 935 1001 997 Hoc
1026 955 1117 1016 quan-

106 1033 170 1087 tum
193 1023 393 1086 tenerioribus
411 1023 575 1083 infantibus
594 1023 710 1102 leceris,
734 1031 842 1084 eventu
863 1025 1029 1086 efficaciore
1048 1044 1116 1104 pro·

66 1116 212 1175 reveniat.
254 1111 353 1173 Herba
378 1121 436 1192 est,
465 1130 540 1190 quiae
564 1110 675 1171 Graece
701 1110 877 1191 nymphaea,
905 1111 1009 1172 Latine
1037 1114 1115 1174 clava
1136 1125 1170 1174 63

105 1203 252 1283 Herculis,
276 1200 385 1261 Gallice
408 1200 516 1261 baditis
536 1198 714 1280 appellatur,
736 1201 801 1259 eius
820 1199 903 1259 radix
922 1201 1117 1261 contunditur

106 1299 136 1350 et
159 1309 195 1350 ex
219 1297 302 1351 aceto
322 1289 435 1350 edeuda
454 1289 541 1349 datur
560 1306 653 1366 puero
672 1305 726 1366 per
745 1289 902 1348 continuos
921 1288 1023 1349 decem
1042 1289 1115 1370 dies,

105 1378 272 1439 mirandum
295 1380 325 1438 in
349 1377 469 1438 modum
492 1377 544 1437 liet
566 1376 730 1437 eunuchus.

193 1467 357 1548 Mulierem,
380 1483 467 1545 quam
487 1472 520 1526 tu
539 1463 688 1545 habueris,
712 1473 745 1525 ut
764 1481 925 1543 numquam
944 1464 1020 1525 alius
1038 1468 1114 1526 inire
1134 1477 1169 1526 64

65 1572 91 1614 rs
104 1558 211 1637 possit,
240 1556 331 1617 facies
358 1555 428 1616 hoc:
469 1553 609 1614 Lacertae
638 1552 740 1613 viridis
768 1555 850 1612 vivae
879 1555 998 1614 sinistra
1026 1571 1115 1615 mauu

105 1645 228 1706 caudam
258 1644 389 1706 curtabis
418 1661 542 1722 eamque
570 1644 665 1702 vivam
689 1641 834 1722 dimittes,
861 1641 996 1722 caudam,
1021 1642 1116 1703 donec

104 1735 289 1813 inmoriatur,
313 1732 416 1793 eadem
438 1731 534 1811 palma
559 1730 688 1791 clausam
707 1728 823 1789 tenebis
842 1737 872 1790 et
890 1728 1047 1791 mulierem
1066 1749 1114 1790 ve·

104 1821 255 1898 rendaque
279 1823 352 1901 eius,
377 1820 446 1880 dum
472 1837 540 1880 cum
563 1837 598 1878 ea
621 1820 692 1898 cois,
716 1825 812 1896 tange.

195 1907 226 1967 Si
250 1926 343 1986 quem.
362 1907 397 1967 ad
421 1925 509 1967 usum
532 1909 686 1966 venerium
710 1905 861 1967 infirmum
886 1905 1015 1967 volueris
1039 1925 1114 1989 esse,
1134 1918 1168 1970 66

62 2015 89 2055 so
105 1995 285 2074 ubicumque
313 1997 466 2075 minxerit,
499 2013 589 2074 supra
620 1995 725 2056 lotium
757 1995 821 2053 eius
849 1993 977 2077 obicem,
1010 1996 1039 2055 id
1069 2006 1115 2057 est

104 2084 275 2163 arcedonem,
300 2101 336 2143 ex
359 2101 416 2144 usu
440 2085 521 2161 liges.

192 2171 231 2233 Ut
254 2171 345 2232 rebus
368 2173 497 2232 veneriis
520 2179 607 2250 aptus
631 2173 685 2252 sis,
714 2173 800 2250 piper
827 2173 931 2232 tritum
955 2190 1024 2232 cum
1048 2173 1166 2234 616666

103 2271 133 2322 66
155 2261 241 2322 melle
265 2262 358 2322 misce
381 2269 411 2322 et
434 2279 502 2321 cum
526 2262 607 2321 coire
631 2260 719 2340 voles,
743 2259 871 2321 verenda
893 2259 949 2320 tibi
971 2261 1070 2322 iuliue.

192 2350 305 2411 Nocere
329 2369 417 2430 posse
441 2350 558 2410 leminis
578 2349 689 2430 dicunt,
713 2351 739 2409 si
758 2350 825 2428 quis
846 2348 1047 2411 membranam
1067 2352 1114 2412 ovi
1133 2361 1166 2411 6⁷

62 2455 88 2497 66
102 2438 206 2500 balano
231 2459 284 2500 suo
308 2441 424 2519 ingerat
447 2447 477 2501 et
500 2458 568 2501 cum
592 2439 700 2500 femina
723 2446 815 2499 coeat.

192 2528 224 2588 Si
249 2547 337 2608 quem
367 2531 447 2589 coire
476 2528 559 2589 noles
582 2529 707 2608 fierique
731 2529 834 2606 cupies
857 2529 888 2588 iu
912 2546 969 2589 usu
992 2530 1113 2590 venerio
1132 2539 1166 2588 68

103 2616 270 2695 tardiorem,
290 2616 326 2676 de
345 2617 476 2697 lucerua,
495 2634 570 2695 quae
590 2624 695 2696 sponte
715 2617 915 2696 extinguetur,
938 2617 1045 2696 fungos
1064 2617 1112 2678 ad·

101 2703 161 2762 huo
184 2705 316 2762 viventes
339 2706 370 2762 in
393 2706 514 2781 potione
533 2705 598 2762 eius
617 2705 756 2780 extingue
776 2702 994 2781 bibendamque
1016 2707 1111 2766 inscio

102 2788 194 2868 trade,
218 2789 375 2848 confestim
399 2788 596 2848 enervabitur.

61 2897 88 2938 66
191 2875 224 2936 Si
238 2894 328 2955 quem
342 2875 423 2934 voles
437 2883 622 2953 pernoctem
637 2894 705 2936 cum
720 2876 829 2936 femina
843 2878 924 2937 coire
939 2895 998 2937 non
1014 2896 1112 2959 posse,
1132 2892 1164 2941 66

101 2964 245 3045 pistillum
265 2970 438 3024 coronatum
458 2962 513 3024 sub
532 2962 611 3023 lectu
630 2962 710 3024 illius
728 2981 814 3042 pone.
852 2963 960 3023 Samen
979 2964 1164 3029 lactucae-ro

101 3057 205 3116 tritum
229 3072 265 3114 ex
289 3071 363 3132 aqua
387 3060 491 3132 potum
514 3053 647 3130 vigorem
670 3053 767 3112 coitus
791 3060 919 3113 enervat.

190 3142 319 3203 Naturae
348 3143 409 3202 sive
433 3149 550 3202 veretro
573 3140 650 3201 virili
673 3140 838 3202 remedium
863 3141 965 3202 efficax
989 3143 1041 3202 sic.
1080 3141 1111 3203 Si
1131 3157 1163 3206 61

100 3233 131 3292 in
151 3241 268 3292 veretro
292 3249 408 3291 summo
427 3231 526 3292 clavus
545 3237 632 3291 natus
652 3231 742 3292 luerit
761 3229 873 3291 habens
893 3229 1000 3291 callum
1018 3248 1110 3310 puru-

191 3436 362 3508 lgluttiuis.
439 3437 647 3507 imprimetur.
726 3436 856 3493 6facies.
935 3442 967 3492 11
987 3436 1110 3508 nimphe.

102 3513 136 3564 16
155 3508 241 3580 cogis.
315 3514 349 3564 20
367 3507 495 3564 muxerit.
569 3514 603 3566 st
622 3509 701 3567 lectu
717 3510 795 3583 <stela
808 3508 891 3566 lacto
909 3506 1085 3565 tumuitus„
