2438 3802
518 144 755 209 -122—

128 324 196 365 vere
228 308 361 384 gingivae
390 315 420 366 et
448 306 553 367 dentes
581 314 740 384 tangantur
768 305 890 366 adsidue
918 315 949 367 et
974 314 1044 387 post
1072 309 1138 367 vino

75 405 108 453 14
128 402 228 454 vetere
253 413 287 454 os
311 394 435 455 eluatur.
477 394 601 472 Senapis
625 397 709 473 grani
732 393 824 475 iiIII,
847 397 960 474 piperis
983 395 1049 474 III,
1075 395 1139 456 her-

128 482 181 542 bae
200 483 387 562 peduclariae
407 486 503 544 siccae
522 482 548 542 Ii
567 482 613 563 VI,
636 484 738 562 cyperi
756 483 844 562 idem,
862 486 934 544 nitri
952 482 978 543 II
996 483 1033 564 II,
1055 503 1139 564 pyre-

127 571 188 631 thri
211 569 321 651 IIIIII,
349 573 463 649 origani
487 571 584 651 11111,
611 571 688 631 lauri
715 570 855 632 loliorum
877 582 1051 633 tenerorum
1075 573 1140 654 III,

127 660 281 721 bituminis
305 660 380 720 aridi
399 660 424 719 II
444 659 488 720 VI.
525 659 559 720 In
582 659 644 719 sole
667 659 740 719 haec
764 662 862 719 omnia
886 668 1025 721 teruntur
1048 670 1079 722 et
1103 678 1165 722 exa

126 767 215 829 aqua,
239 749 346 810 deinde
369 749 478 827 pastilli
500 750 589 829 fiunt,
618 767 745 827 quorum
773 766 852 809 unus
880 749 915 809 ad
945 749 1023 810 diem
1051 750 1140 811 datur

75 849 107 897 15
127 837 417 898 commanducandus
436 838 570 898 dentium
589 856 686 898 causa.
729 836 845 916 Piperis
858 836 889 897 'ir
908 837 943 918 II,
967 841 1086 916 senapis
1108 841 1139 898 in

126 943 217 1003 grano
242 925 348 1005 IIXII,
372 929 454 987 anesi
477 925 502 986 Ii
526 926 572 1003 VI,
598 944 671 985 uvae
694 943 798 1004 passae
820 929 939 1005 pinguis
962 937 1139 1004 engranatae

126 1013 151 1072 x
170 1012 292 1094 XXIIII,
316 1015 451 1094 pyrethri
474 1013 584 1095 IIIIII,
608 1013 718 1075 herbae
741 1014 928 1092 peduclariae
952 1014 1064 1096 IIIIII,
1088 1015 1139 1094 hy·

129 1105 194 1181 sopi
217 1103 253 1162 de
278 1103 399 1164 denario
423 1103 497 1164 duas
520 1113 633 1182 partes,
656 1103 733 1164 lauri
756 1103 824 1163 lolia
848 1121 972 1164 numero
996 1102 1038 1186 X,
1060 1107 1139 1165 aeris
1153 1121 1176 1162 ιο

125 1190 207 1252 lloris
232 1191 309 1252 XII.
347 1192 426 1252 Haec
450 1211 518 1252 cum
541 1191 627 1252 melle
651 1191 859 1270 decoquuntur
882 1201 971 1270 atque
994 1192 1064 1252 inde
1089 1211 1138 1272 pa-

74 1291 106 1339 16
126 1280 197 1340 stilli
224 1281 295 1341 lacti
322 1280 360 1341 ob
384 1280 587 1341 salubritatem
610 1280 743 1340 dentium
767 1281 1022 1341 commanduntur.
1069 1280 1138 1341 Em-

124 1369 235 1445 plastra
258 1378 356 1430 autem
380 1369 519 1430 dentibus
543 1367 711 1430 dolentibus
740 1370 810 1447 poni
833 1378 952 1447 oportet
974 1370 1138 1432 eiusmodi:

124 1457 298 1536 Aphronitri
326 1457 414 1536 IIII,
442 1461 553 1537 pIperis
581 1457 675 1536 IIVI,
702 1456 812 1516 herbae
840 1457 1027 1535 peduclariae
1057 1458 1083 1518 II
1106 1459 1139 1538 V,
1170 1522 1173 1531 ¹

124 1548 240 1606 resinae
260 1545 477 1606 terebinthinae
497 1546 678 1606 tantundem.
711 1545 790 1606 Haec
807 1545 987 1624 colliguntur
1005 1556 1035 1608 et
1053 1547 1138 1608 inlita
1153 1563 1178 1604 1s

123 1634 243 1694 linteolo
267 1633 313 1694 vel
336 1634 415 1694 aluta
438 1634 551 1694 dolenti
574 1633 707 1693 manlilae
730 1636 928 1714 inponuntur3
957 1635 1010 1694 sed
1039 1638 1066 1695 si
1089 1655 1138 1696 er-

124 1732 243 1783 cavatus
271 1724 363 1783 luerit
390 1722 477 1804 dens,
504 1725 626 1782 inicitur
653 1724 685 1781 in
713 1741 868 1782 cavernam
896 1725 961 1783 eius
992 1733 1137 1800 quantum

125 1813 163 1870 sit
187 1814 258 1871 satis
281 1812 490 1873 medicamenti
513 1811 548 1872 ad
572 1810 750 1890 explendum
773 1811 885 1890 locum,
913 1821 977 1871 tum
1002 1831 1071 1874 cera
1094 1822 1137 1873 te·

72 1911 103 1959 11
123 1901 203 1977 gitur
227 1903 357 1962 exterior
380 1920 448 1980 pars
472 1901 633 1961 foraminis,
666 1899 741 1959 Item
759 1899 953 1979 emplastrum
972 1901 1028 1961 alio
1048 1903 1136 1962 modo

123 1987 340 2050 conficiendum
369 1991 526 2051 adversum
555 1990 688 2050 dentium
721 1990 807 2048 vitia:
852 1987 990 2067 Pyrethri
1019 1989 1044 2050 II
1073 1990 1136 2069 IIII,
1150 2007 1177 2047 m

123 2077 241 2138 cedriae
260 2077 362 2158 XIIII,
381 2098 518 2141 amurcae
538 2087 638 2140 coctae
657 2075 772 2158 IIXVI,
792 2076 924 2156 sulpuris
943 2081 1002 2138 vivi
1021 2078 1136 2159 xxvi,

122 2168 198 2244 picis
216 2167 344 2245 liquidae
362 2167 388 2227 II
403 2167 466 2246 XII,
485 2167 639 2228 bituminis
658 2166 735 2226 aridi
748 2165 774 2225 II
789 2165 847 2226 VII.
876 2167 1003 2227 Aestivis
1021 2175 1136 2247 tempo·

122 2255 206 2314 ribus
230 2255 337 2315 confici
360 2264 478 2332 oportet
500 2255 557 2315 hoc
580 2255 839 2334 medicamentum,
864 2256 905 2314 ita
931 2263 963 2315 ut
986 2255 1042 2316 sub
1066 2265 1137 2318 ortu

123 2342 230 2402 sideris
244 2344 327 2402 canis
338 2340 411 2402 ha'ec
426 2351 561 2402 terantur
574 2345 606 2402 in
621 2342 682 2402 sole
697 2341 886 2423 calidissImo,
901 2344 995 2404 donec
1007 2344 1137 2406 habeant

71 2439 103 2488 18
123 2431 218 2488 ceroti
240 2432 336 2490 teneri
361 2430 591 2508 spissitudinem.
627 2430 703 2490 Item
722 2430 799 2491 aliud
820 2431 1013 2510 emplastrum
1032 2433 1136 2494 adver·
1150 2448 1176 2490 rs

123 2534 188 2576 sum
203 2515 337 2576 dentium
353 2517 483 2579 dolores:
497 2517 621 2598 Piperis,
637 2518 781 2598 pyrethri,
796 2519 928 2598 sulpuris
942 2523 1008 2600 vivi,
1024 2540 1136 2604 soreos,

122 2603 308 2682 singulorum
328 2605 538 2685 liquaternos,
561 2624 698 2666 amurcae
718 2605 803 2687 xvi,
823 2607 938 2668 arboris
957 2612 1034 2669 mori
1050 2610 1137 2672 lacri-

122 2711 187 2752 mae
206 2691 232 2750 x
251 2691 284 2771 V,
306 2695 382 2770 picis
406 2692 534 2770 liquidae
553 2692 628 2773 IIII,
652 2694 790 2754 aluminis
810 2697 872 2756 fissi
891 2695 994 2777 iiiiii,
1018 2699 1136 2759 cedriae

123 2778 196 2858 xx,
219 2779 375 2839 bituminis
393 2779 469 2839 aridi
488 2779 513 2839 II
533 2780 577 2858 VI,
596 2780 706 2840 herbae
725 2783 913 2857 peduclariae
937 2784 962 2842 ii
983 2785 1017 2845 II.
1049 2785 1137 2846 Simi-

121 2865 189 2926 liter
218 2866 274 2926 sub
303 2875 371 2928 ortu
399 2869 481 2927 canis
511 2869 691 2946 conponitur
720 2867 777 2928 hoc
806 2868 999 2947 emplastrum
1027 2883 1070 2952 et,
1103 2881 1178 2934 utro

121 2973 210 3034 supra
229 2957 376 3035 scriptum
395 2964 450 3036 est,
473 2957 630 3018 adhibetur
648 2956 792 3039 maxillae,
814 2959 845 3017 in
870 2975 927 3036 qua
950 2958 1024 3019 dens
1044 2960 1137 3042 dolet,

68 3055 101 3104 19
120 3042 242 3104 linteolo
266 3045 358 3106 denso
383 3044 428 3106 vel
451 3045 547 3107 alutae
571 3046 697 3107 iulitum.
732 3045 807 3106 Item
830 3045 910 3106 aliud
929 3047 1137 3126 emplastrum:

120 3131 245 3212 Piperis,
264 3137 334 3214 opii,
353 3135 446 3194 olivae
460 3133 659 3212 Aethiopicae,
673 3134 812 3194 lacrimae
830 3136 914 3213 mori,
934 3153 1060 3218 myrrae,
1076 3141 1136 3199 sin·

120 3220 259 3298 gulorum
283 3221 308 3281 Ii
332 3222 431 3303 binos,
459 3221 586 3282 hederae
615 3223 717 3300 nigrae
745 3221 885 3283 bacarum
909 3222 1019 3305 IIIIII,
1048 3225 1135 3288 betae

192 3430 225 3479 16
243 3423 347 3479 risinae
365 3425 567 3480 terebentinae.
641 3431 674 3480 16
694 3424 823 3480 dolentis.
891 3433 926 3482 24
945 3428 1136 3490 caledissimo.

119 3499 154 3549 26
173 3509 267 3549 soreos
285 3494 331 3549 vel
350 3496 413 3550 scri.
486 3501 519 3549 27
540 3512 676 3551 amoreae.
749 3497 902 3556 lacrimam.
