2438 3802
539 147 752 212 -13-

140 313 212 372 sitas
240 319 271 370 et
298 329 357 370 non
382 309 477 370 solum
501 312 637 388 antiquos
661 319 812 390 auctoreS,
835 329 889 388 per
912 329 987 390 quos
1016 329 1153 372 consum·

139 406 237 460 matur
266 400 424 479 professio,
449 398 568 477 quidam
591 401 741 479 ignorant,
773 398 824 461 sed
853 401 940 459 etiam
967 402 1155 461 comminisci

87 495 121 545 10
141 488 212 548 falsa
236 487 272 548 de
296 490 332 547 iis
356 487 474 548 audent.
516 486 573 547 Ubi
601 490 679 548 enirn
705 487 838 549 delectus
861 505 921 549 nou
944 496 990 548 est
1013 506 1154 567 persona·

140 595 220 656 rum,
256 576 307 637 sed
336 576 440 636 eodem
469 576 556 636 modo
583 575 679 637 malus
707 576 862 655 bonusque
893 576 1032 656 habetur,
1065 577 1153 639 disci·

139 665 237 746 plinae
265 683 299 725 ac
330 672 427 726 sectae
461 664 626 725 observatio
659 667 750 746 perit,
783 665 922 744 quodque
955 667 1019 726 siue
1052 664 1180 727 labores

140 762 238 835 potest
257 755 430 831 contingere
449 753 587 832 idemque
603 753 776 833 dignitatem
793 764 880 833 atque
895 752 1054 815 utilitatem
1069 773 1153 833 prae·

141 851 220 904 stare
240 843 366 921 videtur,
384 841 415 902 id
434 860 512 904 unus
532 844 658 921 quisque
673 846 766 921 magis
781 845 925 922 sequitur.
960 842 1009 903 Sic
1024 851 1057 904 ut
1073 846 1153 923 quis-

141 950 198 1010 que
226 931 319 1011 volet,
348 931 435 992 laciet
462 931 647 992 medicinam.
690 931 839 1002 Otrosdam
868 934 945 992 enim
972 951 988 991 a
1012 951 1153 1011 perverso

138 1023 292 1100 proposito
321 1038 408 1080 nemo
435 1029 535 1098 potest
557 1037 676 1081 movere
705 1030 735 1081 et
761 1038 831 1080 sane
856 1019 994 1080 omuibus
1017 1023 1154 1099 permisit

139 1107 265 1169 liberum
285 1107 442 1176 arbitrium
461 1108 633 1187 magnitudo
652 1109 847 1187 professionis
865 1111 939 1170 eius.
972 1108 1080 1170 Multos
1099 1111 1151 1168 ita·
1167 1129 1193 1169 ro

140 1216 197 1277 que
226 1198 486 1257 animadvertimus
515 1198 606 1258 unius
638 1199 818 1259 infirmitatis
851 1197 997 1258 sanandae
1030 1199 1152 1258 scientia

88 1291 120 1341 11
141 1287 249 1347 medici
262 1286 383 1366 plenum
400 1304 508 1347 nomen
525 1295 710 1347 consecutos.
730 1285 791 1346 Nos
804 1304 874 1346 vero
889 1286 925 1346 ab
941 1287 1025 1346 initio
1039 1294 1153 1346 rectam

139 1378 215 1436 viam
244 1377 340 1436 secrrti
363 1374 435 1435 nibil
460 1377 544 1454 prius
572 1375 629 1452 [in]
654 1377 746 1436 totius
770 1377 842 1435 artis
861 1377 1066 1456 perceptione,
1095 1393 1153 1453 qua

139 1463 253 1524 homini
276 1466 468 1544 permittitur,
492 1463 699 1541 iudicavimus,
725 1465 792 1542 quia
816 1482 851 1524 ex
874 1463 929 1524 hac
954 1466 1050 1524 omnia
1075 1482 1153 1524 com·

139 1553 226 1613 moda
250 1561 464 1616 consecuturos
487 1571 542 1612 nos
562 1552 814 1630 existimabamus,
841 1571 901 1613 non
923 1553 1039 1614 medius
1062 1553 1150 1613 fidius
1166 1571 1192 1612 1⁵

139 1649 198 1701 tam
231 1643 375 1718 pecuniae
408 1647 459 1700 aut
493 1639 604 1718 gloriae
637 1641 799 1720 cupiditate
833 1660 920 1720 quam
952 1643 1047 1719 ipsius
1079 1643 1152 1702 artis

141 1731 273 1789 scientia.
315 1728 453 1806 Magnum
482 1731 561 1788 euim
589 1737 619 1790 et
644 1747 732 1807 supra
757 1729 886 1791 bominis
908 1738 1045 1792 naturam
1068 1730 1152 1790 duxi·

138 1835 205 1876 mus
235 1835 322 1896 posse
351 1816 479 1895 aliquem
507 1819 586 1878 tueri
613 1817 658 1878 vel
686 1820 854 1898 reciperare
888 1836 971 1879 suam
1005 1826 1034 1880 et
1062 1821 1152 1880 unius

139 1907 284 1984 cuiusque
312 1905 420 1965 bonam
447 1905 655 1968 valetudinem.
696 1905 798 1986 ltaque
827 1914 861 1967 ut
884 1909 993 1968 ceteris
1016 1907 1151 1987 partibus

139 1994 326 2077 disciplinae,
355 1997 395 2055 ita
423 1993 493 2056 huic
517 2014 649 2076 quoque,
679 2014 754 2074 quae
782 2015 836 2075 per
858 1995 1072 2057 medicamenta
1096 1999 1152 2057 vir·
1167 2013 1194 2054 ao

138 2092 232 2144 tutem
263 2102 346 2144 suam
370 2082 501 2166 exbibet,
535 2087 652 2145 curiose
680 2086 844 2146 institimus
872 2103 907 2145 eo
938 2087 1044 2166 magis,
1072 2085 1152 2164 quod

139 2172 378 2252 percipiebamus
402 2175 433 2232 in
457 2173 520 2233 dies
544 2191 580 2232 ex
604 2191 659 2233 usu
684 2175 837 2252 protectus
860 2176 939 2254 eius,
963 2192 1037 2253 quos
1060 2174 1151 2233 iuter-

141 2261 211 2321 dum
240 2280 329 2339 supra
357 2261 446 2320 fidem
481 2269 568 2339 atquo
602 2263 770 2340 opinionem
803 2261 999 2341 plurimorum
1032 2261 1151 2322 exhibe-

86 2354 120 2405 12
140 2349 252 2408 bamus.
285 2349 343 2409 Sed
363 2348 433 2427 quid
453 2349 530 2409 ultra
550 2368 625 2428 opus
647 2359 692 2411 est
706 2349 833 2430 probare
848 2354 1050 2412 necessarium
1064 2369 1153 2412 usum

141 2455 206 2497 esse
229 2437 526 2518 medicamentorum,
549 2441 709 2518 praecipue
732 2439 801 2521 tibi,
825 2442 876 2518 qui
900 2443 969 2518 qula
991 2441 1152 2520 percepisti
1167 2457 1193 2498 aa

140 2523 298 2586 utilitatem
332 2543 454 2607 eorum,
486 2525 598 2587 idcirco
631 2547 646 2588 a
678 2547 726 2588 me
758 2530 978 2607 conpositiones
1011 2527 1151 2606 quasdam

138 2611 262 2694 petisti?
303 2613 366 2692 Ego
390 2624 488 2675 autem
512 2633 626 2676 memor
648 2617 840 2678 humanitatis
863 2625 931 2677 tuae
954 2616 1150 2692 candorisque

140 2704 230 2763 animi
258 2705 315 2784 tui,
344 2720 431 2782 quern
461 2704 598 2765 omnibus
627 2705 747 2784 quidem
774 2702 945 2764 hominibus
970 2703 1156 2784 plenissime,

139 2791 212 2851 mibi
231 2793 318 2852 etiam
337 2792 528 2869 peculiariter
545 2804 688 2874 praestas,
712 2810 771 2854 nou
790 2791 885 2853 solum
905 2810 979 2872 quae
1000 2793 1150 2853 desideras

138 2881 278 2962 remedia,
302 2899 405 2941 verum
429 2883 517 2942 etiam
541 2884 568 2944 si
591 2900 647 2962 qua
672 2882 726 2942 alia
746 2881 782 2943 de
801 2884 932 2961 expertis
952 2885 982 2944 in
1001 2884 1152 2962 praesenti
1165 2904 1192 2944 oo

207 3092 223 3140 3
243 3088 277 3142 de
296 3088 344 3160 iis]
370 3088 422 3142 diis
443 3093 491 3142 lm
509 3090 601 3143 littera
619 3090 638 3142 h
656 3105 743 3158 supro
760 3091 872 3159 scripta.
970 3096 985 3144 6
1004 3090 1148 3160 idemque]

136 3161 165 3211 et
183 3158 211 3212 in
232 3175 295 3226 quo.
396 3158 544 3227 dignitatis
568 3175 592 3213 a.
611 3158 750 3216 utilitatis.
850 3166 864 3215 7
883 3165 944 3228 post
960 3159 1073 3215 videtur
1091 3163 1149 3216 cod.

136 3230 199 3282 add.
219 3229 341 3298 utilitas,
368 3229 519 3284 Cerberion
536 3229 702 3297 aequalitas.
807 3231 859 3302 sio]
879 3229 937 3285 sed.
1037 3239 1053 3286 8
1072 3232 1150 3285 volet

136 3303 187 3354 tm
210 3300 270 3354 vult
288 3307 348 3356 2m.
471 3304 504 3353 16
526 3299 634 3354 medios
657 3301 746 3358 fidios.
865 3307 898 3356 18
924 3301 1081 3370 reciperare
1101 3306 1149 3354 1m

134 3385 299 3438 recuperare
331 3377 390 3426 2m.
501 3375 532 3424 19
565 3370 757 3428 valetudinem
790 3379 840 3428 1m
871 3371 1055 3428 valitudinem
1088 3376 1148 3426 2m.

137 3442 167 3492 i1
187 3439 340 3496 institimus
363 3447 412 3495 lm
434 3438 607 3495 instituimus
626 3447 685 3500 2m.
776 3460 809 3498 eo
832 3460 883 3500 om.
975 3447 1009 3496 25
1033 3441 1082 3510 qui
1099 3446 1149 3495 lm

147 3523 206 3574 [ΜΘ
224 3516 283 3568 2m.
747 3516 749 3521 ’
