2438 3802
457 185 495 195 -
544 147 698 213 374-

67 309 193 388 pedibus
217 311 356 390 adpones.
382 311 462 372 Bene
486 312 556 372 iacit
579 318 610 370 et
630 310 718 371 ibisci
735 310 818 370 radix
838 329 873 370 ex
894 327 973 389 aqua
993 311 1088 372 mulsa

68 407 151 460 cocta
171 409 200 460 et
219 401 361 481 inposita;
386 399 559 461 sambucum
580 417 698 478 quoque
718 418 786 460 crim
805 401 934 478 axungia
953 407 988 460 et
1008 399 1088 461 bras·

68 490 146 549 sicae
176 490 251 549 cinis
279 508 347 549 cnm
376 491 502 568 axungia
529 490 677 567 inpositus
704 488 866 566 plurimum
895 490 990 549 iuvat.
1033 489 1087 549 Ubi

68 586 166 638 autem
195 579 324 655 impetus
351 581 523 656 cessaverit,
552 585 582 637 et
605 579 636 637 in
659 576 716 636 hoc
740 587 771 637 et
795 579 950 656 inpriore
977 595 1088 656 genere

67 666 214 745 podagrae
245 665 338 726 calida
367 684 442 744 aqua
470 667 582 725 marina
610 664 662 726 diu
685 665 804 726 fovendi
827 673 897 725 sunt
920 665 1019 744 pedes
1044 667 1111 727 velo

18 778 29 803 κ
68 757 94 814 si
113 754 185 813 haec
205 772 264 813 non
284 756 351 833 erit,
370 772 444 832 aqua
463 773 538 833 pura
559 753 685 814 ferventi
704 752 764 814 sale
779 753 893 814 adiecto
914 753 1089 836 foveantur3

66 850 135 920 post
162 840 219 900 hoc
248 841 419 921 malagmate
448 846 490 902 nti
513 850 643 923 oportet,
673 841 752 920 quod
776 841 811 902 ad
834 841 990 920 parotidas
1017 847 1089 904 scri·

66 937 151 1008 ptum
175 937 233 1010 331,
257 928 333 990 tollit
356 933 436 991 enim
460 933 518 991 cito
543 930 682 1009 reliquias
706 931 853 1009 podagrae
876 948 932 1008 per
958 933 1090 993 sudores

67 1026 97 1077 et
124 1019 156 1077 in
184 1018 318 1079 futurum
345 1021 499 1080 confirmat
523 1037 629 1079 nervos
653 1037 709 1079 nec
731 1022 844 1098 patitur
867 1018 953 1079 133113
980 1022 1088 1082 vitiari.

13 1119 48 1169 46
157 1107 200 1167 Ad
225 1107 396 1170 utramlibet
419 1109 578 1188 podagram
602 1107 768 1168 remedium
792 1111 848 1169 sic:
882 1107 1124 1186 Torpediuemro

67 1197 162 1256 vivam
182 1198 306 1278 nigram,
331 1217 398 1259 cum
418 1198 605 1258 admonuerit
623 1196 716 1276 dolor,
736 1196 832 1257 subici
849 1195 981 1276 pedibus
1001 1216 1089 1278 opor·

67 1285 110 1345 tet
133 1287 164 1344 in
188 1285 275 1346 litore
301 1305 359 1347 non
383 1289 472 1367 sicco,
496 1286 548 1346 sod
572 1285 650 1364 quod
674 1285 768 1345 adluit
787 1303 878 1364 mare,
902 1293 1018 1347 ettam
1038 1288 1089 1348 din

66 1376 171 1454 premi,
195 1375 289 1434 donee
313 1377 460 1435 sentiatur
485 1383 587 1453 torpor
610 1392 664 1452 per
688 1381 783 1434 totum
805 1374 912 1452 pedem
931 1381 962 1434 et
983 1375 1090 1436 tibiam

66 1480 162 1541 nsque
186 1462 222 1522 ad
246 1480 351 1540 genna.
387 1462 449 1522 Hoc
473 1471 503 1523 et
525 1465 556 1522 in
579 1465 729 1541 praesenti
753 1461 831 1524 tollit
849 1463 985 1523 dolorem
1007 1473 1038 1525 et
1058 1467 1089 1524 in

66 1550 201 1611 futurum
236 1552 388 1612 remediat.
430 1551 492 1610 Hoc
523 1551 610 1611 modo
638 1551 765 1611 Anteros
793 1550 928 1612 Caesaris
956 1551 1123 1614 libertusrs

67 1657 158 1717 supra
182 1639 271 1699 fidem
294 1641 474 1700 remediatus
498 1647 551 1700 est.

17 1739 50 1787 47
160 1727 303 1806 Malagma
326 1729 546 1790 Narcissianum
575 1728 610 1787 ad
636 1736 794 1808 utramque
817 1729 978 1807 podagram
1005 1749 1088 1809 egre-

70 1817 166 1894 gium:
181 1816 272 1876 Cerae
287 1818 386 1896 pondo
396 1817 431 1898 ll,
446 1819 561 1878 resinae
575 1817 674 1895 pondo
685 1816 716 1897 V,
726 1817 783 1877 olei
794 1819 904 1878 veteris
913 1818 1016 1895 pondo
1027 1818 1087 1899 VS,

71 1903 129 1964 olei
149 1904 262 1983 Syriaci
281 1907 379 1984 pondo
399 1906 455 1985 lS,
479 1905 643 1985 aphronitri
662 1908 693 1966 in
712 1905 838 1984 pastillis
856 1906 955 1984 pondo
975 1906 999 1987 1,
1024 1926 1086 1969 car·

70 1992 199 2053 damomi
222 1996 291 2072 puri
315 1996 414 2073 pondo
437 2013 539 2074 unum,
561 1996 615 2054 iris
636 1993 768 2072 Illyricae
792 1994 890 2074 pondo
913 2013 1019 2077 unum,
1042 1997 1120 2075 piro

69 2081 153 2141 culae
177 2083 276 2160 pondo
301 2083 322 2163 1,
347 2087 456 2163 agarici
477 2084 575 2163 pondo
598 2083 619 2162 l,
643 2083 830 2160 faenograeci
852 2083 993 2163 pondol,
1017 2103 1085 2145 oen-

69 2172 166 2230 tanrei
185 2171 284 2249 pondo
299 2170 320 2251 l,
344 2173 521 2252 Apollinaris
535 2172 634 2251 pondo
648 2171 670 2251 l,
690 2170 793 2231 alterni
806 2171 905 2250 pondo
919 2171 941 2233 1.
965 2171 1085 2252 Coques

68 2257 223 2338 liquanda3
248 2277 322 2336 qnae
347 2272 417 2322 sunt
436 2261 596 2341 tundenda,
619 2263 650 2320 iu
668 2259 819 2338 pulverem
838 2260 959 2321 redacta
978 2264 1085 2323 misce·

69 2345 115 2404 bis
140 2356 228 2424 atque
253 2364 288 2405 ex
311 2347 358 2407 bis
382 2348 514 2426 pastillos
537 2349 627 2408 iacies
647 2356 677 2407 et
695 2350 725 2408 iu
746 2367 833 2428 capsa
851 2367 926 2409 nova
945 2368 1085 2430 repones,

70 2432 178 2510 qnibus
202 2432 307 2492 diebus
332 2438 435 2514 viginti
457 2438 567 2513 iugiter
590 2439 692 2499 uteris.
1097 2457 1121 2496 rt

17 2532 52 2581 48
161 2519 316 2602 Malagma,
345 2525 424 2601 quod
453 2532 481 2584 et
510 2523 545 2583 ad
574 2524 733 2603 podagram
761 2535 790 2586 et
818 2525 854 2586 ad
881 2544 999 2587 omnem
1027 2526 1085 2589 ool·

69 2607 228 2668 lectionem
256 2608 332 2670 bene
361 2611 442 2691 lacit,
471 2614 578 2690 accipit
600 2613 687 2675 haec:
719 2615 902 2675 Ammoniaci
924 2617 1031 2676 uncias
1053 2614 1085 2695 V,

71 2696 188 2776 galbani
216 2701 319 2759 uncias
343 2700 382 2781 11,
411 2703 486 2780 picis
514 2703 605 2763 durae
628 2703 727 2780 pondo
746 2702 783 2783 V,
810 2705 926 2763 resinae
954 2703 1085 2765 terebin-

70 2787 171 2848 thinae
195 2787 226 2849 P.
245 2787 284 2868 ll,
309 2787 366 2850 olei
390 2793 498 2851 veteris
522 2790 552 2851 P.
573 2790 585 2850 1
605 2791 639 2872 S,
661 2794 805 2870 axungiae
829 2799 962 2852 vetustae
985 2792 1017 2852 P.
1037 2791 1085 2872 111,

70 2895 155 2937 33333
184 2876 215 2938 P.
240 2877 276 2957 V,
305 2878 457 2958 sulphuris
483 2882 540 2940 vivi
567 2881 665 2959 pondo
688 2879 719 2940 V.
764 2879 843 2941 Haeo
871 2881 968 2940 omnia
997 2881 1123 2942 deco-so

70 2984 143 3043 ques
167 2968 198 3025 in
222 2966 329 3044 patella
348 2967 432 3028 tictili
451 2968 497 3028 vel
515 2969 641 3030 caccabo
660 2968 815 3049 ampliore;
839 2967 965 3046 sulphur
984 2977 1085 3030 tamen

68 3065 99 3114 et
128 3057 343 3115 ammoniacum
376 3065 459 3118 extra
487 3065 567 3118 teres
596 3067 626 3118 et
653 3060 696 3118 sic
724 3057 908 3136 inmiscebis,
936 3075 1006 3118 oum
1036 3059 1085 3119 de·

69 3160 200 3219 coquere
225 3146 374 3225 coeperis,
399 3145 450 3205 sed
474 3145 599 3224 agitabis
622 3148 780 3225 instanter,
811 3165 848 3206 ne
872 3145 1030 3208 subsidant
1053 3150 1085 3209 in

70 3230 172 3309 fundo,
197 3250 272 3310 quae
296 3234 327 3292 in
351 3232 504 3310 pnlverem
528 3234 646 3295 redacta
670 3237 839 3296 mittuntur.

2 3330 41 3380 49
152 3318 308 3385 Confectio
337 3320 559 3407 medicaminis,
585 3322 667 3404 quod
692 3323 856 3401 appellatur
882 3323 983 3403 hygin,
1012 3324 1085 3386 iacit
1099 3341 1125 3384 os

129 3523 168 3574 16
186 3537 281 3596 supra
303 3521 414 3599 fidem]
437 3536 532 3596 supra
546 3512 735 3576 hereditates
754 3505 886 3562 Setaea.
