2438 3802
480 202 520 236 -·,
566 167 629 232 371
680 203 718 212 -

181 328 299 390 Fimum
323 331 519 409 ciconiarum,
544 328 595 388 sed
620 328 657 388 de
681 328 750 389 nido
774 331 853 410 ipso,
877 329 947 389 dum
971 331 1102 391 ciconiae
1122 341 1156 390 22

92 418 190 498 pullos
208 417 327 499 habent,
346 436 446 478 sumes
461 427 491 478 et
506 435 573 477 cum
588 419 714 497 axungia
730 419 929 478 vetustissima
943 420 1103 496 permisce-

93 507 140 567 bis
168 514 198 567 01
225 513 363 567 00010100
391 515 480 584 atque
509 505 661 584 emplastri
689 506 776 566 modo
808 505 934 585 pedibus
965 505 1105 585 adpones,

94 596 254 656 efficaciter
277 594 437 673 podagram
460 593 586 662 sanabis.

67 703 80 746 o
183 683 226 744 dd
254 684 413 762 podagram
442 691 472 744 et
499 682 535 742 ad
564 701 667 744 omnes
694 684 804 763 pedum
829 683 875 743 vel
903 700 1043 743 manuum
1077 689 1107 741 et
1126 693 1159 742 23

94 771 219 832 01101001
253 771 456 832 membrorum
488 770 606 832 dolores
638 790 674 832 ex
707 772 900 851 perfrictione
931 770 1105 831 relevandos

94 861 170 921 bene
198 860 268 921 facit
295 860 351 920 boc
379 859 545 921 remedium
573 861 629 921 sic:
657 860 855 939 Faenograeci
878 857 909 920 ft
929 859 955 940 1,
981 859 1035 919 lini
1063 877 1107 919 se-

94 946 371 1028 011010811111001
390 957 529 1008 contusas
548 948 664 1008 radices
683 951 829 1028 quinque;
849 949 922 1008 baec
942 955 1009 1009 ante
1030 947 1107 1008 diem

94 1037 234 1098 infundes
252 1039 283 1097 in
298 1055 391 1116 aquae
405 1034 437 1097 θ
453 1036 538 1119 viiii,
553 1036 660 1096 deinde
674 1044 742 1116 post
756 1037 834 1097 diem
848 1037 998 1114 deceques
1013 1055 1107 1114 usque

54 1146 81 1187 10
96 1127 132 1187 ad
155 1129 267 1204 tertias,
290 1134 394 1204 postea
417 1125 529 1186 celabis
552 1133 582 1185 et
606 1129 711 1186 sucum
735 1143 852 1185 omnem
877 1124 999 1202 colliges
1018 1130 1106 1201 atque

96 1215 207 1276 adicies
230 1217 258 1274 ei
282 1213 340 1274 olei
358 1213 390 1275 P.
409 1212 488 1274 Vllll
512 1223 543 1274 et
561 1215 626 1274 suci
644 1213 760 1293 laurini,
784 1213 814 1272 id
834 1220 880 1272 est
899 1212 935 1272 de
960 1211 1039 1271 foliis
1063 1212 1107 1271 vel

97 1303 133 1364 de
157 1303 238 1363 bacis
261 1305 374 1363 teneris
397 1301 475 1362 lauri
498 1305 631 1381 expressi
654 1299 730 1382 813
758 1300 865 1361 deiude
891 1302 998 1360 iterato
1022 1300 1108 1360 deco·

97 1410 171 1472 ques
193 1393 319 1472 pariter,
347 1409 503 1470 quousque
531 1393 627 1450 omnis
656 1409 746 1451 sucus
772 1391 1016 1468 suprascriptus
1040 1407 1108 1448 con·

98 1487 232 1542 sumatur
256 1489 285 1541 et
308 1479 366 1540 olei
388 1479 593 1540 tantummodo
618 1497 731 1540 summa
755 1478 880 1558 residat3
904 1477 982 1556 quod
1002 1479 1108 1536 iterato

56 1569 212 1631 recolatur
240 1577 270 1629 01
298 1569 449 1629 adduntur
476 1570 506 1628 10
533 1586 568 1628 eo
592 1567 666 1647 oleo,
690 1568 769 1646 quod
793 1567 986 1646 superfuerit,
1009 1565 1109 1624 laricis

96 1690 140 1700 -
163 1656 250 1737 Villi,
273 1657 491 1718 terebinthinae
515 1658 619 1717 unciae
644 1655 711 1736 llll,
735 1655 858 1716 balsami
884 1687 923 1697 -
949 1653 989 1733 11,
1013 1655 1054 1713 ita
1076 1662 1111 1712 ut

97 1748 181 1824 prius
208 1745 281 1807 baec
309 1749 339 1806 10
368 1765 437 1806 1000
466 1745 579 1824 duplici
607 1745 642 1805 ad
671 1747 769 1823 ignem
797 1743 995 1803 lentissimum
1019 1740 1110 1801 10001-

99 1841 204 1892 100101
233 1841 262 1893 01
290 1836 332 1895 010
357 1836 593 1912 permisceantur
616 1841 646 1893 et
669 1833 834 1892 diutissime
859 1832 1045 1909 coagitentur
1070 1839 1110 1889 at-

100 1938 157 1998 que
185 1923 215 1979 in
244 1939 317 1982 usus
345 1941 435 2001 supra
463 1925 591 2002 scriptos
620 1922 805 1982 necessarios
829 1919 865 1980 ad
888 1918 1111 1999 perfricandum

58 2026 84 2066 so
99 2016 299 2068 reserventur.

188 2095 230 2155 Ad
250 2098 362 2174 primos
381 2097 527 2175 podagrae
546 2099 676 2176 impetus
694 2097 882 2158 molliendos:
901 2097 1030 2157 Atiariae
1044 2095 1110 2154 ber·
1130 2105 1164 2155 24

98 2185 153 2246 bae
181 2193 281 2263 partes
309 2184 383 2245 duas
413 2186 579 2246 contundes
607 2193 637 2246 01
664 2185 766 2264 butyri
793 2203 882 2246 unam
906 2194 1022 2265 partem
1045 2202 1111 2263 per·

98 2273 238 2335 miscebis
266 2282 296 2335 et
324 2282 463 2335 conteres
491 2282 579 2353 atque
607 2277 649 2335 ita
677 2294 732 2355 pro
759 2283 910 2354 unguento
935 2273 981 2334 vel
1004 2272 1110 2352 empla-

99 2372 162 2425 stro
187 2365 289 2424 uteris

57 2468 83 2511 aa
187 2451 263 2512 Ulmi
287 2460 389 2514 cortex
414 2461 559 2514 contusus
582 2452 748 2514 diutissime
768 2460 884 2513 etcum
904 2470 980 2531 aqua
999 2453 1112 2512 marina
1132 2461 1165 2511 21

98 2560 193 2620 usqne
222 2542 295 2601 adeo
324 2541 541 2622 001100100,01
569 2541 736 2620 malagmati
764 2541 869 2601 similis
893 2543 945 2622 sit,
974 2559 1029 2619 pro
1053 2559 1112 2601 em·

98 2629 209 2707 plastro
234 2630 387 2706 adpositus
411 2631 495 2691 sedat
517 2630 665 2708 podagrae
689 2629 814 2689 dolores.

188 2715 259 2774 Vivo
296 2715 392 2794 lepori
428 2735 481 2793 pes
514 2724 683 2794 amputatus
725 2724 755 2774 et
791 2715 925 2792 alligatus
959 2715 994 2775 ad
1023 2716 1111 2792 poda·
1131 2725 1166 2774 20

99 2820 181 2882 gram
209 2801 255 2860 vel
283 2804 347 2861 eius
375 2802 460 2879 pedis
486 2803 635 2881 partibus,
664 2820 739 2879 quae
765 2801 921 2879 dolebunt,
950 2801 1111 2879 plurimum

60 2909 86 2950 so
99 2891 230 2971 prodest.

188 2976 279 3038 Vituli
301 2977 410 3037 marini
428 2984 481 3037 aut
499 2975 577 3055 quod
597 2975 703 3036 melius
727 2984 773 3037 est
792 2975 921 3055 hyaenae
941 2974 1017 3053 pelle
1037 2975 1111 3036 facta
1131 2989 1165 3039 21

100 3068 289 3130 calciamenta
317 3068 343 3126 si
366 3068 433 3144 quis
460 3068 491 3126 in
519 3064 666 3125 cotidiano
690 3083 747 3126 usu
770 3063 921 3144 habuerit,
951 3063 1112 3124 efficaciter

99 3157 246 3236 podagrae
270 3155 373 3216 morbo
397 3154 519 3215 carebit.

188 3246 279 3306 Pueri
310 3243 431 3322 inpubis
464 3244 581 3304 detonsi
615 3261 706 3322 super
733 3241 826 3324 pedes
854 3241 982 3302 dolentis
1014 3241 1171 3316 capiliias

60 3351 86 3392 11
101 3342 190 3414 atque
214 3333 274 3393 11110
297 3333 477 3412 aliquamdiu
501 3335 662 3415 compositi
683 3339 890 3415 compescunt
910 3329 1068 3388 uotorum

181 3421 343 3482 Probatum
366 3424 543 3488 remedium
562 3433 624 3510 est,
644 3425 720 3488 felle
738 3424 874 3506 caprino
889 3433 965 3477 1100
976 3421 1099 3473 mano„

53 3510 173 3582 pinna
192 3510 291 3586 pedes
315 3527 492 3592 perunctos
518 3519 701 3583 confestim
726 3516 844 3582 dolore
867 3499 1052 3646 aazias&

983 3604 1010 3650 1

1112 3394 1213 3450 sum*
