2438 3802
500 155 742 223 -150-

65 332 100 384 94
118 330 220 399 tegere
243 320 309 381 lana
334 319 486 400 sulpurata
505 327 597 381 totam
617 302 773 380 maxillam.
806 319 887 380 Bene
906 319 1029 381 discutit
1039 293 1134 398 'paro-

118 410 195 472 tidas
223 411 277 470 iris
304 408 420 490 lllyrica
449 416 573 469 contusa
601 416 685 468 cocta
715 427 751 468 ex
779 427 866 487 passo
895 417 925 468 et
947 427 1030 469 more
1055 417 1133 470 cata-

118 498 269 578 plasmatis
296 498 408 558 farinae
436 497 605 557 hordiaciae
633 496 726 557 calida
753 497 800 557 bis
823 496 869 557 vel
892 505 939 557 ter
961 499 993 557 in
1017 497 1064 557 die
1087 499 1133 557 in·

65 599 99 650 95
118 590 222 666 posita.
252 586 382 648 Discutit
400 594 430 646 et
448 584 505 645 hoc
523 585 772 646 medicamentum
791 585 949 665 parotidas,
973 594 1133 664 antequam

119 682 298 755 suppurent,
331 674 411 754 quod
445 674 602 734 conficitur
636 675 692 734 sic:
735 673 862 753 Spumae
893 676 1009 751 argenti
1036 674 1067 734 P.
1096 675 1161 756 ll,o

119 781 259 825 cerussae
281 762 313 822 P.
332 762 354 844 I,
378 761 448 822 salis
472 763 647 822 ammoniaci
665 762 697 822 P.
716 761 738 843 l,
762 765 838 822 aeris
857 761 940 822 lloris
959 762 990 823 P.
1009 761 1031 843 l,
1055 765 1134 823 aceti

119 849 150 912 θ
170 852 191 933 l,
215 850 271 911 olei
294 852 404 911 veteris
427 847 512 912 ill.
554 850 705 932 Spumam,
728 869 889 932 cerussam,
912 850 1003 912 salem
1026 870 1081 930 per
1100 870 1133 912 se

119 947 149 1000 et
173 957 241 1000 cum
260 947 344 1000 aceto
363 946 462 1000 terere
481 947 510 1000 te
530 947 648 1019 oportet
666 941 807 1001 mortario
828 957 1002 1022 marmoreo,
1024 939 1132 1000 deinde

119 1027 184 1089 oleo
203 1027 331 1088 admixto
350 1029 476 1088 traicere
495 1029 526 1088 in
546 1027 704 1088 caccabum
723 1028 862 1108 amplum,
885 1046 923 1089 ne
937 1037 1020 1089 extra
1039 1029 1132 1088 effun-

119 1116 215 1197 datur,
239 1117 327 1178 etad
350 1119 449 1195 ignem
472 1134 597 1198 ponere3
621 1117 787 1177 effervescit
810 1119 890 1176 enim
914 1116 1005 1178 valde.
1056 1116 1131 1177 Cum
1148 1133 1175 1173 ro

119 1205 193 1266 haec
221 1223 312 1284 super
340 1207 440 1284 ignem
462 1207 558 1284 posita
581 1204 740 1265 habuerint
764 1204 916 1284 emplastri
938 1204 1035 1265 mollis
1058 1214 1134 1265 tem·

118 1301 298 1375 peraturam,
322 1293 431 1374 deponi
454 1293 603 1374 oportebit
626 1293 798 1373 caccabum3
822 1311 891 1353 eum
917 1312 984 1353 vero
1008 1293 1134 1354 desierit

118 1382 247 1463 terrere,
274 1381 415 1462 paulatim
444 1401 601 1462 aspergere
629 1384 707 1442 aeris
735 1381 839 1442 liorem
867 1389 898 1441 et
923 1399 1042 1442 movere
1066 1401 1132 1460 spa·

118 1469 179 1532 tula
203 1469 461 1551 medicamentum,
484 1489 522 1531 ne
543 1478 627 1531 extra
645 1470 796 1551 fundatur,
820 1479 849 1531 et
867 1487 973 1530 rursus
993 1489 1133 1552 coquere,

119 1559 213 1621 donee
236 1558 343 1620 habeat
366 1559 519 1638 emplastri
541 1559 775 1640 spissitudinem,
797 1557 927 1619 debebis.
1146 1575 1173 1616 1⁵

67 1660 102 1712 96
210 1648 253 1709 Λᾶ
278 1656 407 1708 strumas
431 1647 507 1707 bene
526 1647 596 1707 lacit
613 1647 697 1707 radix
715 1648 884 1708 cucumeris
903 1646 1029 1707 sllvatici
1047 1656 1132 1708 cocta

119 1755 155 1798 ex
178 1756 254 1816 aqua
277 1735 371 1797 mulsa
395 1743 424 1796 et
448 1737 518 1796 trita
541 1743 629 1814 atque
652 1737 693 1795 ita
720 1737 861 1814 inposita,
885 1735 1033 1796 hibiscum
1058 1754 1131 1814 qno·

67 1837 100 1886 97
121 1844 179 1906 que
199 1825 303 1886 eodem
322 1824 409 1885 modo
429 1833 547 1884 coctum
568 1833 597 1884 et
615 1825 777 1903 inpositum
791 1823 898 1884 melius
913 1825 992 1885 facit.
1025 1823 1133 1885 Marini

118 1914 236 1994 lepores
260 1913 324 1974 oleo
347 1920 448 1974 vetere
471 1914 570 1974 enecti
592 1911 668 1973 hene
696 1913 809 1973 iaciunt
833 1912 1028 1973 discutiendis
1053 1920 1132 1974 stru-

119 2004 185 2084 mis,
209 2021 278 2063 oum
300 2005 365 2082 ipso
389 2001 454 2062 oleo
477 2004 509 2062 in
526 2000 665 2081 plumbea
683 2001 790 2081 pyxide
809 2000 894 2081 clusi,
916 2019 1005 2080 quam
1024 2001 1131 2062 diebus
1146 2019 1173 2058 ao

100 2090 170 2152 -xt
194 2091 350 2171 diligenter
374 2090 520 2169 alligatam
544 2097 661 2170 oportet
683 2089 801 2171 haberi3
824 2097 928 2168 postea
951 2108 988 2150 ex
1012 2108 1047 2150 eo
1066 2092 1131 2168 pin·

118 2180 188 2241 nula
216 2179 391 2240 oblinendae
420 2187 490 2240 sunt
518 2187 649 2240 strumae
677 2196 827 2258 superque
853 2196 903 2238 eas
926 2178 1012 2256 pellis
1035 2177 1132 2239 lanata

119 2287 179 2329 non
202 2270 327 2328 nimium
349 2277 434 2327 tonsa
458 2266 578 2344 tegendi
600 2268 694 2345 gratia
717 2266 885 2344 inponenda
904 2274 958 2327 est.
995 2266 1133 2346 Praecipi

119 2364 218 2417 autem
242 2362 372 2435 oportet,
396 2373 433 2414 ne
458 2356 525 2432 quis
547 2354 604 2414 hoc
628 2354 843 2415 medicamento
866 2373 971 2416 manus
994 2357 1133 2434 inquinet

66 2454 100 2504 98
119 2452 171 2505 aut
193 2445 370 2524 inquinatas,
393 2444 568 2522 priusquam
586 2441 663 2502 bene
682 2441 798 2524 eluerit,
821 2443 857 2502 ad
877 2461 910 2503 os
930 2444 1047 2505 reserat.
1086 2444 1130 2504 Ad
1145 2461 1172 2501 ss

120 2539 249 2593 strumas
272 2538 302 2590 et
326 2531 362 2591 ad
386 2530 510 2591 duritias
533 2547 727 2590 mammarum
752 2531 876 2591 mirifice
900 2531 971 2592 lacit
993 2531 1050 2592 hoc
1071 2551 1131 2593 me-

119 2621 333 2700 dicamentum,
360 2626 518 2697 antequam
547 2626 715 2696 suppurent
742 2628 772 2680 et
795 2627 863 2698 post
886 2623 1131 2699 suppurationem

119 2709 212 2770 nihilo
233 2709 333 2768 minus
356 2706 429 2768 utile
449 2716 503 2788 est,
527 2709 635 2786 accipit
653 2707 740 2768 haee:
760 2706 824 2768 Olei
843 2711 951 2769 veteris
971 2709 1002 2770 P.
1016 2709 1038 2790 l,
1063 2728 1132 2788 spu·

119 2816 184 2859 mae
213 2799 329 2876 argenti
351 2795 382 2858 P.
402 2796 428 2876 l,
455 2795 548 2876 gallae
576 2794 713 2876 Syriacae
741 2795 772 2858 P.
791 2796 831 2878 ll,
860 2815 983 2858 mannae
1011 2797 1075 2859 P.1
1102 2806 1133 2858 et

119 2889 251 2968 unciam,
279 2885 396 2965 galbani
418 2884 450 2948 P.
469 2885 490 2947 l.
537 2884 611 2946 Cum
639 2884 704 2947 oleo
729 2887 869 2964 coquitur
892 2903 1011 2968 spuma,
1036 2885 1132 2947 donec
1146 2903 1174 2943 so

119 2978 213 3038 ceroti
241 2976 331 3056 spissi
357 2973 465 3036 habeat
493 2982 737 3056 temperaturam,
765 2975 871 3035 deinde
899 2974 1081 3035 admiscetur
1105 2976 1134 3035 ei

119 3065 193 3144 galla
221 3071 252 3125 et
279 3063 445 3125 secundum
469 3063 546 3125 hanc
569 3081 690 3144 manna,
717 3081 786 3123 cum
814 3062 967 3141 emplastri
993 3062 1134 3124 habuerit

119 3153 356 3233 spissitudinem,
380 3152 494 3213 tollitur
518 3151 554 3212 ab
578 3153 641 3229 igni
664 3150 912 3211 medicamentum
936 3160 966 3212 et
990 3170 1058 3212 cum
1083 3151 1133 3212 de-

120 3243 204 3302 sierit
227 3241 351 3320 fervere,
375 3239 516 3318 paulatim
539 3237 696 3318 galbanum
718 3240 871 3320 miscetur,
896 3239 1004 3300 deinde
1028 3239 1134 3300 linitur

191 3374 333 3428 tierinee
351 3389 402 3428 om.
466 3373 560 3428 ullos.
626 3378 659 3428 to
678 3371 853 3428 acferveseit.
916 3379 949 3429 to
969 3376 1132 3446 aspergere]

112 3461 259 3570 ffiffife‘
354 3443 414 3498 flos.
509 3448 543 3498 1⁵1
571 3442 724 3498 hebisoum.
835 3449 868 3498 19
897 3446 991 3501 euecti
1018 3447 1133 3515 scripsi.-
