2438 3802
511 154 752 220 -384-

170 316 255 399 Irim,
279 327 447 379 castoreum
471 317 657 398 scillamque,
679 319 795 396 opium,
817 334 991 396 panaceam,

170 406 323 487 Resinam,
344 408 491 488 lepidum,
515 407 697 485 enlorbium,
721 408 764 485 git
787 412 875 484 atque
899 405 1092 486 pyrcthrum,

171 495 310 575 Zingiber
334 504 364 557 et
387 495 528 577 calidum,
550 495 672 556 mordax
695 497 782 574 piper
805 502 835 554 et
858 493 934 554 laser
957 492 1065 571 algens

169 587 386 664 Agaricumqne
411 602 588 662 asarumque
611 591 731 664 potens,
755 583 852 663 aloen,
876 584 1043 662 aconitum,
1149 600 1170 640 u

169 673 310 751 Galbam,
335 672 537 751 sandaracam,
560 691 742 751 samsucum,
766 673 930 750 psoricum,
953 669 1090 751 alumen,

169 762 304 820 hcaoiam
328 760 535 839 propolimque
559 770 589 822 et
611 761 752 842 adarcen,
776 778 901 840 cnecon,
925 759 1090 819 acanthum

168 848 367 908 Andraohnen
390 866 559 929 acoronque
583 867 752 928 opopanace
775 847 1067 928 pompholygemque

169 935 316 1014 Cyperum
339 937 477 998 ladanum
500 956 726 1017 sagapenonque
751 946 781 998 et
803 935 1045 1017 tragacantham,

170 1023 367 1107 Soamoniam,
391 1026 492 1106 cyphi,
514 1026 718 1087 malabathron
742 1022 815 1106 <et>
839 1026 1057 1086 ammoniacon,
1148 1042 1171 1081 eo

168 1111 301 1192 Denique
325 1118 478 1194 repperies
501 1117 581 1193 istic,
606 1115 684 1194 quod
708 1114 784 1175 lucis
807 1117 838 1174 in
862 1121 930 1174 ortu

168 1201 272 1283 indus,
295 1203 403 1284 Arabs,
428 1203 530 1285 SercS,
553 1204 660 1263 Perses
683 1205 823 1281 divesque
848 1201 979 1262 Sabaeus

167 1290 271 1350 Vicino
295 1292 351 1352 sub
375 1292 436 1352 sole
460 1292 576 1371 legunt,
600 1292 678 1371 quod
703 1291 826 1370 praebet
849 1289 992 1370 Orontes,

168 1378 317 1440 Eximium
340 1382 442 1458 ignoto
466 1383 557 1442 mittit
580 1380 660 1459 quod
682 1380 768 1440 Nilus
792 1379 827 1439 ab
852 1387 933 1460 ortu,

167 1468 348 1547 Decerptum
372 1468 463 1549 loliis,
486 1488 582 1550 ramo,
606 1477 688 1550 cute,
712 1471 837 1549 cortice,
860 1470 954 1546 virga,
1152 1484 1175 1524 on

168 1556 314 1635 Quodque
337 1556 373 1616 ab
397 1556 543 1617 idumaeis
567 1567 684 1618 vectum
708 1556 833 1635 seplasia
856 1556 990 1616 vendunt

166 1642 205 1704 Et
228 1645 369 1724 quicquid
394 1645 510 1706 confert
532 1646 655 1706 medicis
679 1645 792 1725 Lagaea
815 1645 955 1722 cataplus

165 1731 245 1793 Haec
269 1736 450 1814 quicumque
472 1734 567 1813 leges,
590 1736 703 1813 poteris
727 1734 897 1794 discernere
921 1741 1037 1815 tecum,

166 1821 359 1900 ignoscenda
383 1825 475 1901 magis
499 1826 560 1884 sive
584 1823 748 1883 exercenda
772 1824 874 1883 rearis.

166 1909 298 1989 Quisque
323 1919 421 1972 tamen
443 1920 580 1973 nostrum
597 1912 654 1972 hoc
674 1912 805 1972 studium
825 1908 999 1989 dignabere,
1024 1930 1138 1991 quaeso
1153 1927 1176 1966 ⁷⁰

165 1997 303 2060 Praestos
325 2001 469 2061 iudicium
492 2019 601 2079 purum
625 2008 813 2078 mentemque
836 1999 1002 2077 benignam.

167 2086 215 2148 Sic
239 2095 290 2148 tua
313 2099 458 2168 perpetuo
482 2098 657 2168 vegetentur
680 2089 812 2149 membra
836 2091 935 2167 vigore

165 2174 203 2236 lit
225 2195 349 2255 peragas
373 2178 517 2256 placidam
540 2196 595 2256 per
618 2176 709 2237 multa
733 2177 874 2238 decennia
899 2177 997 2236 vitam.

166 2264 215 2324 SIo
239 2283 299 2324 non
322 2268 442 2327 incuses
465 2266 589 2326 validam
613 2265 817 2344 placidamque
842 2272 990 2326 senectam

164 2351 225 2411 Nec
249 2353 303 2413 tibi
327 2356 366 2414 sit
388 2355 512 2414 medicis
535 2373 610 2431 opus
634 2373 773 2432 umquam
796 2372 851 2414 nec
875 2352 930 2413 tibi
953 2371 1040 2414 casus
1152 2371 1175 2410 n

163 2439 223 2498 Aut
245 2439 367 2501 morbus
391 2443 507 2519 pariant
529 2441 622 2502 ullum
647 2442 824 2522 quandoque
848 2441 993 2522 dolorem,

165 2525 223 2585 Sed
246 2527 352 2605 procul
376 2546 390 2588 a
415 2531 497 2589 curis
520 2538 550 2590 et
573 2549 644 2591 sano
668 2548 794 2609 corpore
817 2533 909 2611 vivas,

164 2613 302 2694 Quotque
326 2615 374 2676 hic
399 2625 469 2678 sunt
492 2636 609 2699 versus,
633 2627 678 2680 tot
701 2627 788 2698 agant
811 2627 861 2681 tua
882 2629 1017 2697 tempora
1036 2618 1135 2682 Ianos.

208 2791 242 2841 53
261 2787 399 2860 lepidum]
418 2789 443 2844 ai
463 2790 540 2845 lectio
561 2796 599 2846 esi
617 2791 733 2860 integra,
751 2789 888 2859 lepidium
906 2790 995 2846 dicere
1013 2791 1134 2846 oideiar.

118 2858 293 2926 euphorbum
314 2859 519 2916 contantinus.
620 2865 654 2914 59
674 2861 846 2931 sagapenion
865 2861 894 2915 et
912 2863 1134 2931 tragacantham

117 2928 205 2985 Riese.
315 2935 349 2984 60
368 2931 451 3000 cyphi
475 2933 588 3001 scripsi:
612 2948 701 3001 cypen
726 2932 884 2987 Ooraaia'oa
974 2931 1047 3005 (ei)
1067 2935 1132 2989 add.

117 3000 279 3056 Salmasius.
366 3007 399 3055 62
419 3003 511 3056 Persis
532 3002 691 3058 Carnarius.
778 3008 811 3056 67
830 3001 943 3071 Lagaea
962 3003 1134 3061 Selinusiae:

117 3070 229 3140 lalagea
250 3071 408 3128 donatarius.
484 3077 517 3126 74
536 3073 726 3142 placitamque
746 3073 904 3129 (lomaniae.
