2438 3802
555 137 810 237 -68-1

100 347 136 396 44
154 334 350 394 acritudinem
371 333 558 413 lippitudinis
577 332 670 394 lenies
689 351 882 412 umoremque
904 332 1037 393 siccabis,
1072 332 1169 394 Cheli·

153 422 240 483 donia
264 422 355 483 herba
379 424 409 482 in
429 421 623 483 hirundinum
648 429 780 482 stercore
804 423 950 503 nascitur,
974 440 1048 500 quae
1074 422 1169 484 oculis

152 511 315 591 plurimum
345 511 536 590 suffragatur,
567 512 692 571 maxime
721 519 819 571 autem
846 510 1000 588 caliginem
1025 511 1169 592 deterget,

153 603 178 661 si
200 600 342 680 paulatim
361 599 430 661 inde
450 599 529 660 oculi
548 599 765 680 suffundantur,
790 618 864 678 quos
884 602 942 660 cito
963 602 993 659 in
1012 601 1170 678 pristinam

100 701 133 750 46
153 688 277 749 formam
306 696 444 749 revocato
471 690 572 766 vigore
600 687 758 767 reparabit.
804 686 979 748 Hirundinis
1004 689 1197 749 ventriculos

153 779 248 837 scisso
278 776 337 836 albi
365 795 398 836 ac
426 778 505 854 nigri
532 775 668 855 lapisculi
695 778 900 859 inveniuntur,
933 778 985 856 qui
1013 779 1040 836 si
1066 775 1170 857 lupino

154 883 244 925 aureo
268 864 459 926 includantur
483 873 513 926 et
537 864 611 925 collo
636 865 869 946 suspendantur,
894 884 1010 926 omnem
1035 864 1169 926 dolorem

154 952 309 1013 oculorum
333 962 478 1032 perpetuo
502 953 649 1035 avertent,
674 954 726 1015 sed
751 964 780 1015 et
803 963 906 1015 contra
926 962 1084 1033 quartanas
1102 973 1170 1034 pro·

154 1050 224 1102 sunt
253 1059 358 1102 croceo
387 1041 478 1102 linteo
509 1041 555 1101 vel
583 1061 679 1121 panno
708 1042 834 1103 involuti
856 1043 975 1122 linoque
1000 1043 1035 1103 ad
1060 1043 1171 1103 collum

100 1142 135 1191 46
154 1130 293 1191 validiore
318 1133 465 1210 suspensi.
502 1130 568 1211 Mel,
591 1133 621 1192 in
646 1150 705 1210 quo
729 1150 799 1209 apes
818 1132 930 1192 luerint
948 1141 1091 1212 mortuae,
1113 1135 1171 1192 uti·
1186 1149 1212 1188 lo

154 1219 300 1280 lissimum
329 1227 375 1280 est
402 1219 510 1303 oculiS,
539 1222 565 1280 si
592 1218 718 1281 nitidum
746 1239 780 1280 ac
807 1238 918 1298 purum
945 1228 1110 1300 opportune
1142 1229 1172 1282 et

101 1319 135 1370 47
154 1308 296 1388 paulatim
320 1309 502 1370 infundatur.
540 1307 597 1379 Qui
621 1310 759 1369 ciconeae
780 1308 895 1387 pullum
915 1309 1054 1369 elixatum
1074 1328 1171 1369 come·

101 1408 136 1458 48
155 1397 241 1478 derit,
263 1408 389 1477 negatur
408 1398 508 1460 multis
528 1400 613 1458 annis
632 1399 783 1458 continuis
801 1416 889 1478 posse
908 1397 1024 1477 lippire.
1061 1396 1171 1458 llirun·

155 1485 258 1547 dinum
277 1486 351 1565 pulli
369 1487 455 1565 plena
475 1487 543 1547 luna
564 1495 759 1546 excaecantur
776 1488 973 1565 restitutaque
988 1504 1092 1546 eorum
1107 1489 1171 1547 acie

155 1577 250 1653 capita
275 1574 495 1635 conburuntur:
520 1574 627 1634 horum
646 1576 747 1635 cinere
771 1594 839 1635 cum
862 1575 948 1635 melle
973 1577 1063 1635 mixto
1088 1586 1170 1636 recte
1187 1590 1212 1631 rc

101 1675 135 1724 49
156 1682 229 1724 usus
253 1665 345 1723 lueris
369 1663 405 1723 ad
426 1661 620 1741 reparandam
640 1662 793 1722 oculorum
813 1663 1029 1724 claritudinem.
1066 1662 1171 1724 Lacer-

155 1760 214 1812 tam
238 1751 362 1811 viridem
389 1759 574 1811 excaecatam
597 1769 652 1811 acu
676 1769 787 1830 cuprea
805 1753 835 1811 in
855 1770 905 1811 vas
925 1754 1051 1812 vitreum
1070 1754 1173 1814 mittes

156 1858 223 1899 cum
242 1838 339 1899 anulis
358 1841 466 1921 aureis,
485 1841 643 1921 argenteis,
662 1839 768 1899 ferreis
788 1849 817 1900 et
832 1839 992 1921 electrinis,
1012 1843 1037 1900 si
1052 1841 1173 1923 luerint,

155 1936 207 1988 aut
235 1929 322 1988 etiam
351 1931 483 2010 cupreis,
512 1927 619 1990 deinde
649 1946 699 1989 vas
727 1928 865 2009 gypsabis
889 1937 940 1989 aut
964 1928 1083 1989 claudes
1107 1928 1172 1990 dili·

155 2024 260 2097 genter
284 2025 372 2096 atque
396 2018 527 2096 signabis
550 2027 580 2078 et
603 2026 671 2096 post
693 2020 829 2097 quintum
849 2017 894 2078 vel
914 2019 1072 2097 septimum
1092 2018 1172 2080 diem
1187 2032 1213 2070 2⁰

156 2109 285 2187 aperies,
313 2106 453 2168 lacertam
481 2109 561 2168 sanis
588 2105 750 2168 luminibus
778 2108 924 2187 invenies,
956 2124 1044 2185 quam
1076 2109 1172 2168 vivam

156 2197 297 2276 dimittes,
316 2195 412 2256 anulis
432 2203 536 2256 contra
550 2195 756 2274 lippitudinem
771 2197 810 2255 ita
827 2197 929 2276 uteris,
948 2202 981 2255 ut
1000 2213 1059 2254 non
1075 2194 1172 2257 solum

157 2283 249 2361 digito
273 2292 436 2363 gestentur,
459 2283 512 2343 sed
535 2286 624 2342 etiam
644 2281 737 2342 oculis
757 2281 893 2343 crebrius
912 2283 1107 2364 adplicentur,
1131 2287 1172 2346 ita

156 2379 190 2431 ut
217 2389 271 2450 per
299 2371 432 2431 foramen
459 2370 540 2431 anuli
568 2372 649 2431 visus
673 2373 899 2432 transmittatur.
946 2371 1171 2434 Observandum

157 2476 227 2518 saue
251 2460 401 2540 inprimis,
424 2466 458 2519 ut
485 2461 516 2519 in
539 2459 605 2519 loco
629 2459 722 2519 nitido
747 2467 835 2538 atque
856 2459 981 2520 herbido
1005 2461 1173 2539 deponatur
1187 2473 1213 2514 2⁵

157 2546 298 2627 ampulla,
327 2554 357 2606 et
384 2565 452 2607 cum
477 2545 587 2608 lacerta
611 2547 762 2628 discessit,
790 2555 853 2609 tum
878 2548 958 2609 anuli
981 2549 1172 2632 colligantur,

158 2633 374 2696 observandum
403 2637 504 2716 etiam,
533 2644 567 2696 ut
594 2635 663 2696 luna
688 2643 799 2718 vetere,
827 2637 857 2698 id
889 2647 935 2698 est
963 2657 977 2697 a
1001 2637 1070 2699 luna
1094 2658 1172 2700 nona

158 2722 272 2784 decima
295 2726 325 2784 in
342 2726 534 2785 vicensimam
553 2726 695 2806 quintam,
719 2725 765 2785 die
785 2725 862 2786 lovis
882 2725 1051 2806 Septembri
1069 2745 1172 2787 mense

158 2815 292 2892 capiatur
319 2812 429 2874 lacerta
457 2822 545 2894 atque
573 2815 614 2874 ita
637 2815 800 2875 remedium
824 2815 888 2896 liat,
917 2815 967 2876 sed
994 2814 1029 2875 ab
1052 2815 1172 2877 homine

105 2913 139 2965 50
158 2904 283 2963 maxime
312 2921 389 2982 puro
416 2911 505 2983 atque
533 2911 624 2965 casto.
669 2903 787 2965 Lacerti
814 2904 917 2964 viridis
941 2922 1029 2982 quem
1056 2909 1213 2984 ceperiseo

158 2993 205 3052 die
234 2991 311 3052 lovis
343 2992 413 3054 luna
445 3001 545 3054 vetere
578 3011 680 3053 mense
709 2992 877 3073 Septembri
904 3002 955 3052 aut
983 2994 1070 3053 etiam
1100 3013 1171 3073 quo-

158 3099 286 3160 cumque
310 3081 367 3142 alio
391 3081 493 3143 oculos
517 3099 604 3142 erues
627 3100 683 3141 acu
707 3099 816 3159 cuprea
840 3088 870 3140 et
893 3082 970 3141 intra
994 3080 1103 3143 bullam
1128 3083 1174 3144 vel

158 3169 293 3248 lupinum
318 3188 441 3231 aureum
464 3170 585 3231 claudes
608 3168 743 3247 colloque
767 3169 944 3248 suspendes:
975 3170 1054 3248 quod
1078 3190 1172 3232 reme·

159 3257 240 3318 dium
261 3259 401 3338 quamdiu
420 3266 519 3318 tecum
540 3255 689 3336 habueris,
708 3255 810 3317 oculos
829 3275 888 3317 non
907 3257 1029 3319 dolebis.
1065 3258 1172 3320 Lacer-

232 3399 245 3445 1
267 3391 406 3447 celidonie
468 3397 484 3444 2
503 3392 689 3446 harundinum
707 3391 760 3456 (cic
776 3395 906 3460 saepiae).
974 3399 1005 3448 11
1026 3393 1173 3461 oportune.

161 3467 194 3516 15
214 3461 343 3516 cinerem.
395 3467 428 3516 1o
442 3467 507 3532 post
521 3461 718 3517 claritudinem
732 3463 796 3518 odd.
812 3463 972 3521 sedandam.
1025 3467 1057 3518 18
1072 3462 1171 3518 anelis.

158 3537 193 3585 19
213 3531 353 3600 cypsabis.
426 3539 460 3588 25
479 3531 649 3604 deponatur]
668 3531 844 3589 defendatur.
