2438 3802
468 159 707 227 -241-

167 321 316 382 Cortieem
339 321 496 399 caprificus
520 321 633 383 arboris
662 321 801 383 detrahes
829 332 859 384 et
886 323 957 384 dum
984 339 1144 390 recenses

79 420 124 472 est
153 411 189 471 ad
218 409 351 490 splenem
380 409 426 470 vel
454 412 542 470 etiam
567 412 592 470 si
616 429 691 490 opus
714 411 806 471 luerit
834 411 868 471 ad
893 413 976 473 iecur
999 432 1092 492 pones

79 509 109 562 et
131 499 184 561 ubi
206 507 306 560 tumor
329 499 390 558 sive
410 498 536 559 durities
555 499 666 577 splenis
685 499 731 560 vel
750 501 857 560 iecoris
877 503 943 581 erit,
965 501 1008 562 ibi
1028 521 1091 562 eor-

78 593 168 649 tieem
197 588 309 648 diutius
333 586 512 667 continebiS,
540 587 646 648 deinde
666 589 697 648 in
721 588 801 649 fumo
826 607 890 650 eam
913 591 1091 670 suspendes3

53 677 160 757 equod
189 695 258 737 cum
283 676 389 754 facies,
416 675 549 756 rogabis,
577 685 609 737 ut
639 679 717 736 sicut
744 686 847 737 cortex
874 677 923 738 ille
950 679 1092 757 paulatim

78 768 160 826 fumo
184 767 313 826 siccatus
336 766 458 844 arescit,
487 766 530 826 sic
558 764 642 843 splen
665 765 711 826 vel
736 767 820 826 iecur
843 765 1005 828 laborantis
1029 787 1091 829 are-

78 863 150 915 scat.
196 853 275 914 Haec
299 856 398 913 autem
422 871 470 913 res
494 861 610 914 tantum
633 852 721 934 valet,
748 864 782 915 ut
805 856 831 914 si
854 855 960 917 catulis
984 875 1091 918 recens

78 946 155 1004 natis
179 943 237 1023 fiat,
261 941 399 1002 dicantur
422 943 542 1002 omnino
566 960 626 1003 non
650 961 795 1004 crescere.

167 1031 274 1110 Cyperi
293 1027 373 1110 drag.
387 1030 433 1107 Vl,
452 1031 561 1091 radicis
580 1049 655 1110 qnae
674 1031 870 1092 manducatur
890 1035 1012 1093 seminis
1027 1053 1091 1113 oya·
1111 1047 1144 1097 69

37 1140 64 1179 ιο
77 1121 162 1182 thum
191 1137 285 1180 unum
313 1137 494 1198 propensum
524 1137 592 1180 cum
622 1137 715 1198 aquae
743 1123 880 1180 sextariis
903 1121 1000 1182 tribus
1024 1131 1092 1182 ante

78 1210 157 1270 diem
175 1208 283 1269 infusis
301 1211 333 1267 in
352 1207 408 1268 olla
427 1226 501 1268 nora
521 1209 557 1268 ad
574 1210 678 1268 tertias
698 1208 856 1288 decoques,
876 1212 978 1287 postea
998 1212 1092 1288 ipsam

79 1315 184 1376 aquam
207 1296 366 1375 potandam
389 1296 502 1356 lienoso
526 1298 626 1356 ieiuno
650 1315 704 1374 per
728 1297 862 1357 triduum
891 1297 988 1379 dabis3
1017 1301 1092 1359 mire

79 1385 245 1446 subvenies.

169 1473 200 1533 Si
224 1476 291 1553 quis
315 1491 424 1552 agnum
447 1491 552 1533 reeens
582 1481 683 1533 natum
710 1473 865 1535 confestim
888 1474 1025 1536 manibus
1050 1475 1091 1535 di·
1112 1489 1146 1538 ⁷0

40 1579 66 1621 15
79 1562 167 1623 vellat
185 1561 352 1641 lienemque
373 1555 447 1641 eius,
466 1562 518 1622 ubi
538 1564 708 1643 extraxerit,
728 1561 854 1622 calidum
876 1581 966 1641 super
985 1563 1093 1624 lienem

80 1651 209 1711 dolentis
232 1653 355 1730 inponat
380 1669 413 1711 ac
437 1651 527 1711 fascia
551 1651 622 1728 liget
645 1660 675 1711 et
693 1651 773 1711 dicat
791 1650 928 1712 adsidue:
952 1652 1094 1712 Remedio

80 1740 167 1799 lieuis
191 1740 275 1819 facio,
299 1747 419 1817 postera
443 1739 490 1799 die
514 1739 663 1800 sublatum
687 1731 726 1800 de'
747 1757 874 1817 corpore
898 1742 962 1800 eius
986 1744 1094 1820 parieti

82 1827 224 1907 cubiculi,
250 1831 282 1888 in
307 1847 365 1907 quo
389 1828 521 1889 lienosos
545 1828 675 1888 dormire
700 1828 804 1888 solitus
830 1836 889 1908 est,
919 1828 981 1889 luto
1010 1833 1094 1907 prius

81 1915 175 1997 inlito,
194 1924 226 1977 ut
243 1917 367 1977 haerere
386 1920 490 1998 possit,
509 1920 631 1994 inponat
650 1924 737 1995 atque
757 1918 856 1993 ipsum
875 1917 971 1977 lutum
990 1920 1095 1996 viginti

40 2023 67 2064 20
84 2012 197 2083 septem
224 2005 385 2083 signaculis
414 2008 511 2084 signet
539 2005 574 2064 ad
604 2004 718 2081 singula
742 2005 858 2065 dicens:
892 2004 976 2065 Lieni
1000 2025 1093 2066 reme-

81 2093 162 2153 dium
194 2094 283 2173 facio,
310 2094 366 2154 boc
394 2093 452 2154 tale
480 2093 645 2153 remedium
674 2095 700 2152 si
727 2100 774 2153 ter
802 2092 920 2175 fecerit,
948 2096 979 2153 in
1008 2114 1094 2155 omne

79 2191 198 2260 tempus
213 2183 360 2242 lienosum
376 2185 510 2262 quamvis
524 2183 676 2242 infirmum
694 2189 724 2241 et
737 2181 955 2259 periclitantem
970 2183 1094 2244 sanabit.

168 2271 211 2331 Ad
242 2271 374 2350 splenem
407 2271 573 2332 remedium
600 2269 758 2349 probatum
786 2271 843 2331 sic:
880 2270 1022 2350 Capparis
1049 2281 1095 2333 est
1114 2285 1148 2335 71

79 2359 172 2420 herba
201 2359 246 2419 vel
274 2360 432 2438 leguminis
460 2378 568 2440 genus,
601 2377 668 2419 nam
703 2359 804 2438 lupino
832 2359 944 2420 similes
972 2361 1094 2440 siliquas

40 2464 67 2505 25
81 2448 185 2527 adfert,
209 2451 342 2509 nascitur
365 2450 397 2508 in
420 2448 494 2510 loeis
518 2450 644 2530 saxosis;
666 2449 757 2510 huius
775 2449 907 2510 radicem
926 2449 1047 2528 colliges
1066 2461 1096 2511 et

80 2537 175 2597 findes
198 2538 229 2596 in
253 2547 353 2616 partes
377 2537 459 2618 duas,
479 2556 605 2617 quarum
625 2556 713 2598 tinam
733 2538 859 2598 siccabis
874 2557 907 2598 ac
927 2540 1095 2600 minutatim

80 2625 220 2685 concides
249 2634 278 2686 et
302 2627 401 2687 mittes
424 2629 454 2687 in
478 2626 567 2704 pilam
591 2627 717 2705 ligneam
741 2634 830 2704 atque
853 2626 913 2686 illic
937 2627 1095 2705 diligenter

80 2713 204 2795 tondes,
224 2707 330 2774 deinde
349 2716 379 2775 in
401 2714 487 2775 ollam
504 2715 610 2774 rudem
624 2717 734 2774 coicies
749 2722 779 2773 et
793 2733 862 2774 cum
876 2717 953 2774 aceti
967 2714 1095 2775 beminis

80 2801 177 2863 tribus
192 2803 227 2863 ad
240 2806 344 2864 tertias
359 2803 508 2880 decoques
523 2810 553 2861 et
567 2801 678 2861 colabis
693 2810 781 2878 atque
792 2803 861 2861 inde
872 2804 971 2861 ieiuno
982 2803 1095 2863 lienoso

40 2909 68 2948 eo
82 2892 214 2969 singulas
234 2895 370 2970 potiones
390 2893 497 2951 mixtas
511 2888 654 2948 bibendas
669 2907 723 2966 per
738 2897 851 2965 septem
866 2889 930 2948 dies
945 2888 1028 2948 dabis
1046 2889 1096 2948 ob-

81 2989 263 3061 servaturus,
286 2998 323 3039 ne
342 2997 397 3059 per
415 2977 482 3038 illos
502 2977 566 3036 dies
586 2993 728 3054 umquam
747 2975 883 3054 frigidam
903 2986 954 3036 aut
973 2977 1095 3037 calidam

82 3087 188 3147 aquam
202 3068 294 3150 bibat,
309 3069 361 3129 sed
376 3065 580 3128 tantummodo
591 3067 692 3125 vinum
702 3071 788 3124 vetus
797 3066 921 3124 mixtum
932 3082 1096 3146 meracum3

80 3165 196 3236 partem
216 3176 288 3218 vero
308 3157 458 3218 dimidiam
473 3155 583 3216 radicis
597 3153 677 3215 illius
691 3153 751 3213 lino
767 3150 872 3231 ligabis
887 3162 916 3213 et
931 3153 966 3213 ad
982 3154 1096 3214 fumum

82 3247 248 3325 suspendes
272 3254 360 3325 atque
384 3246 457 3327 illic,
481 3245 575 3306 donec
599 3245 798 3324 persiccetur,
822 3261 942 3303 manere
966 3245 1097 3322 patieris.

173 3382 326 3436 icaiulus.
400 3388 539 3437 9semen.
614 3386 646 3434 11
666 3379 836 3449 dequoques,
911 3384 943 3432 12
965 3378 1096 3432 ieiunum.

84 3457 116 3506 1'1
136 3455 249 3521 postero
270 3451 429 3508 ocrearius.
520 3457 554 3506 30
577 3451 693 3522 mixtae]
717 3451 822 3506 mittas.
913 3449 1107 3505 obserseboxo

84 3520 245 3578 Cornelius.
319 3529 354 3578 34
370 3523 495 3593 patieris.

131 3620 287 3673 Menexenus,
300 3632 339 3664 xro.
354 3623 514 3667 Hunnnrcn.
933 3614 977 3662 its
