2438 3802
501 135 719 199 ..17-

105 296 238 357 decurrit
266 299 340 358 vim:
371 300 540 376 potentiora
568 300 647 358 enim
677 297 750 357 haec
779 305 809 356 et
837 297 1002 358 efficaciora
1031 317 1119 378 quam

105 384 178 466 cibi3
200 393 269 464 post
292 385 343 447 ubi
367 404 404 446 ne
428 386 464 447 ad
487 387 561 447 haec
585 386 705 466 quidem
728 384 839 446 cedunt
862 385 1050 448 difficultates
1070 388 1118 448 ad-

104 491 206 534 versae
233 473 426 556 valetudiniS,
454 483 527 536 tunc
556 483 656 536 coacta
684 474 720 534 ad
749 477 912 534 sectionem
940 475 986 534 vei
1013 476 1118 536 ultimo

105 562 141 623 ad
160 564 309 624 ustionem
328 565 416 624 venit.
452 565 491 624 dt
509 562 706 644 Asclepiades,
730 564 876 624 maximus
900 571 1003 623 auctor
1027 563 1154 624 medi-⁷

76 653 196 732 scinae,
215 653 333 730 negavit
352 655 448 730 aegris
467 652 563 713 danda
581 654 808 732 medicamenta3
828 651 948 730 quidam
968 654 1047 712 euim
1061 653 1119 714 boc

104 739 257 800 mendacio
281 742 369 800 etiam
393 759 447 819 pro
471 748 645 820 argumento
669 747 804 802 utuntur.
848 740 987 800 Poteram
1010 748 1118 825 tamen,

105 829 132 887 si
153 846 256 889 verum
279 828 309 889 id
333 839 425 909 esset,
449 831 563 891 dicere:
590 829 705 891 Viderit
728 827 931 910 Asclepiades,-
956 829 1027 908 quid
1052 848 1117 890 seu·

105 917 188 996 serit,
207 916 328 977 forsitan
347 936 408 978 non
427 921 546 979 omnino
565 921 596 979 in
615 918 692 979 hanc
706 926 821 998 partem
836 920 967 979 animum
981 919 1116 980 intendit.

103 1003 200 1065 Homo
229 1023 297 1066 sane
326 1007 396 1087 suit,
425 1009 475 1086 qui
502 1025 608 1086 parum
636 1007 763 1068 feliciter
793 1024 825 1066 se
853 1008 884 1066 in
912 1006 968 1066 hoc
997 1010 1116 1086 negotio

64 1113 90 1155 ro
103 1095 203 1172 gessit.
239 1093 342 1174 itaque
366 1113 426 1155 non
449 1096 604 1156 deterreor
626 1113 761 1176 persona,
785 1113 854 1156 cum
876 1113 941 1155 rem
960 1097 1116 1157 manifeste

103 1181 245 1260 prodesse
269 1183 392 1246 videam.
424 1183 510 1245 Nunc
533 1203 603 1246 vero
627 1204 696 1246 cum
718 1191 779 1245 tam
797 1183 977 1263 inpudenter
997 1185 1116 1262 quidam

104 1269 140 1330 de
168 1289 203 1331 eo
231 1271 307 1332 mala
335 1275 611 1354 comminiscantur,
645 1273 716 1352 quid
748 1291 872 1351 possum
900 1273 978 1333 ultra
1006 1272 1115 1354 dicere,

105 1360 164 1418 nisi
185 1359 400 1438 quodammodo
423 1362 617 1440 parricidium
641 1381 675 1423 ac
699 1361 886 1439 sacrilegium
911 1380 962 1421 eos
981 1364 1114 1422 commit·

104 1456 177 1527 tere,
200 1451 251 1527 qui
274 1449 347 1510 haec
370 1448 496 1511 dicunt?
536 1450 588 1511 ille
612 1453 691 1512 enim
714 1448 954 1512 febricitantibus
977 1452 1115 1530 vitiisque
1135 1462 1151 1511 8

62 1556 89 1598 rs
101 1537 316 1616 praecipitibus
335 1542 490 1620 correptis,
509 1559 585 1619 quae
604 1559 676 1600 oxea
697 1539 786 1620 pathe
806 1538 911 1598 Graeci
930 1538 1041 1618 dicunt,
1066 1558 1115 1599 ne·

102 1626 182 1702 gavit
199 1626 414 1688 medicamenta
433 1629 536 1710 danda,
558 1631 625 1708 quia
645 1629 712 1690 cibo
732 1632 859 1708 vinoque
879 1635 946 1706 apte
965 1627 1115 1688 interdum

102 1713 171 1773 dato
194 1715 352 1776 remediari
381 1719 476 1778 tutius
504 1737 554 1778 eos
584 1721 770 1780 existimavit.
808 1717 948 1778 Ceterum
975 1718 1006 1776 in
1030 1715 1115 1795 libro,

101 1804 154 1880 qui
180 1821 376 1886 parasceuen,
404 1806 434 1866 id
463 1813 508 1867 est
535 1810 806 1886 praeparationum,
834 1804 1021 1884 inscribitur,
1046 1823 1115 1864 eon·

101 1889 197 1951 tendit
224 1893 344 1954 ultimae
374 1897 463 1954 sortis
488 1913 553 1954 esse
577 1896 740 1976 medicum,
769 1897 820 1972 qui
847 1912 907 1953 non
935 1893 970 1952 ad
1000 1893 1115 1970 singula

61 2000 86 2042 oo
103 1997 238 2059 quaeque
266 1983 335 2043 vitia
363 1982 448 2042 binas
476 1990 636 2062 ternasque
667 1984 887 2061 conpositiones
919 1988 948 2040 et
978 1989 1115 2057 expertas

100 2076 131 2128 ct
152 2071 291 2148 protinus
309 2080 427 2149 paratas
445 2070 560 2133 habeat.
598 2070 686 2130 Vides
710 2087 790 2152 ergo,
816 2086 903 2148 quam
923 2086 982 2126 non
1001 2067 1115 2145 placeat

99 2157 266 2236 Asclepiadi
293 2178 367 2220 usus
394 2156 701 2221 medicamentorum?
729 2161 777 2220 cui
804 2159 863 2218 nisi
891 2151 1002 2236 <quis>
1028 2155 1115 2234 plura

100 2245 135 2305 ad
150 2264 243 2308 unum
259 2249 398 2327 quodque
413 2267 507 2327 genus
522 2251 586 2310 vitii
602 2249 816 2310 medicamenta
831 2247 985 2324 conposita
998 2244 1113 2327 habeat,

100 2351 160 2394 non
179 2335 297 2397 videtur
315 2337 423 2415 dignus
441 2338 816 2418 professionmmedicinae.
851 2335 909 2397 Sed
923 2337 980 2396 ista
994 2335 1113 2397 licentia
1132 2348 1148 2397 9

61 2426 218 2484 denomino
237 2426 442 2486 tantummodo
460 2426 643 2488 medicorum
664 2435 788 2507 propter
809 2425 996 2506 quorundam
1015 2425 1112 2503 negle-

100 2515 228 2589 gentiam
252 2512 341 2575 iatius
364 2518 518 2593 processit.
551 2516 629 2577 Raro
650 2519 728 2576 enim
747 2516 862 2596 aliquis,
886 2518 1061 2594 priusquam
1080 2533 1112 2574 se

100 2617 229 2680 suosque
248 2603 346 2664 tradat
364 2604 488 2686 medico,
507 2605 664 2685 diiigenter
683 2607 719 2666 de
740 2624 774 2665 eo
793 2606 913 2686 iudicat,
937 2623 1004 2664 curn
1024 2621 1112 2664 nemo

99 2705 136 2749 ne
172 2691 332 2770 imaginem
369 2693 487 2771 quidem
521 2713 604 2755 suam
641 2697 805 2755 committat
841 2692 1019 2772 pingendam
1053 2693 1113 2752 nisi

100 2776 224 2854 probato
256 2783 341 2858 prius
377 2783 484 2842 artifici
520 2801 574 2861 per
608 2783 752 2861 quaedam
784 2785 986 2861 experimenta
1022 2788 1112 2858 atque

61 2884 88 2926 oo
102 2863 196 2926 electo
225 2868 411 2948 habeantque
444 2887 547 2928 omnes
581 2871 712 2947 pondera
741 2887 774 2927 ac
801 2887 957 2928 mensuras
986 2877 1112 2947 exactas,

102 2969 141 3012 ne
174 2955 242 3034 quid
269 2976 406 3018 errorum
434 2959 466 3015 in
493 2955 584 3015 rebus
612 2957 788 3014 necessariis
816 2955 942 3032 accidat,
974 2953 1113 3013 videlicet

103 3043 171 3120 quia
200 3053 270 3107 snut
297 3047 430 3127 quidam,
459 3045 511 3124 qui
538 3043 633 3123 pluris
661 3041 716 3102 aiia
745 3059 833 3120 quam
862 3058 893 3099 se
921 3043 1002 3118 ipsos
1025 3042 1111 3100 aesti-

101 3140 189 3194 ment.
235 3133 280 3196 Ob
305 3136 384 3214 quod
409 3133 524 3196 sublata
551 3141 598 3194 est
624 3133 677 3193 cuni
700 3132 809 3210 cuique
837 3127 977 3190 studendi
1008 3146 1110 3188 neces·

169 3293 186 3342 8
204 3287 377 3344 valitudinis.
467 3293 485 3341 4
503 3290 533 3343 at
551 3302 601 3343 om.
689 3291 704 3340 ‘t
723 3283 813 3340 videri
830 3285 910 3350 (rae.)
931 3280 998 3351 quid
1015 3280 1111 3335 Ascle-

96 3355 207 3426 piedee.
273 3365 307 3414 10
325 3361 396 3431 rem]
416 3377 454 3414 re.
517 3358 676 3413 manifesta.
742 3363 773 3410 11
795 3355 897 3412 videor.
959 3360 991 3409 15
1007 3355 1110 3423 hoxye-

95 3428 193 3498 pathe.
267 3435 301 3484 22
322 3430 378 3502 cui]
397 3437 428 3498 ῆς
489 3429 551 3499 quis
571 3446 621 3486 om.
686 3434 720 3484 111
739 3427 950 3500 negligentiam.
1008 3432 1042 3482 80
1061 3427 1111 3482 ha·

95 3499 200 3557 beobne
219 3501 315 3557 omnio
334 3501 492 3558 Octobriue.

147 3600 307 3648 mannus,
322 3611 362 3644 no.
376 3605 536 3652 Hnonnurcn.
956 3597 980 3648 ἢ·
