2438 3802
500 128 717 192 ..59-

97 307 188 351 neum
210 292 251 350 ita
272 298 305 350 ut
324 289 465 351 adsuetus
485 299 530 351 est
550 299 654 352 sumat.
692 291 815 352 Postero
837 291 885 352 die
904 295 931 352 si
949 311 1006 373 qua
1027 297 1114 354 vesti·

97 383 144 458 gia
173 379 333 459 epiphorae
361 382 571 460 remanserint,
599 382 703 459 inungi
731 380 852 460 collyrio
877 381 975 461 aliquo
998 385 1114 444 acriore

96 476 202 548 aquato
232 466 287 528 sub
316 486 439 546 vespere
467 468 555 529 debet
586 478 616 528 et
644 487 749 549 rursus
774 472 805 529 in
829 469 967 530 balneum
990 470 1061 531 duci
1085 480 1115 532 et

95 560 197 618 vinum
221 556 333 617 bibere.
371 555 433 616 floc
456 557 542 617 modo
562 576 621 617 uno
641 558 734 617 terme
754 557 801 618 die
820 558 942 619 tolletur
961 560 1113 640 epiphora‚

69 648 256 726 epraecipue
284 647 430 723 incipiens
459 663 556 725 neque
585 645 681 707 adhuc
705 645 761 706 alio
786 647 1001 708 medicamento
1025 656 1113 709 tacta.

98 734 157 794 Sed
189 737 216 793 si
243 752 276 794 ea
303 735 348 793 vis
377 734 468 794 luerit
495 735 669 816 epiphorae,
704 745 737 796 ut
764 754 824 796 nou
852 736 937 797 cedat
966 755 1025 796 trno
1054 736 1111 815 die,

98 825 248 901 expectari
266 821 423 902 oportebit,
441 822 537 883 donec
555 825 675 902 inpetus
695 825 760 884 eius
774 824 905 904 sedetur,
924 833 953 885 et
967 827 1009 884 ita
1023 842 1112 902 aeger

97 913 128 970 in
148 909 283 971 balneum
298 911 424 972 ducatur
443 919 602 992 ceteraque
623 914 704 992 liant,
725 931 800 992 quae
815 915 1022 992 praecepimus
1037 914 1111 973 fieri.

96 999 177 1059 Idem
205 999 261 1059 hoc
287 999 535 1062 medicamentum
559 1003 648 1062 etiam
672 1019 761 1080 supra
785 1001 887 1061 oculos
910 1000 1029 1062 inlitum
1054 1012 1111 1063 tar·

54 1088 162 1149 ludius
195 1087 328 1168 quidem,
362 1088 413 1148 sed
447 1089 568 1150 eosdem
601 1091 724 1151 effectus
752 1098 895 1170 praestat,
928 1092 1053 1150 maxime
1080 1093 1112 1151 in

93 1178 205 1237 teneris
239 1177 429 1257 corporibus,
462 1187 495 1238 ut
527 1177 686 1239 mulierum
714 1186 744 1239 et
771 1196 949 1258 puerorum,
982 1197 1111 1258 quorum

93 1265 171 1326 oculi
199 1265 311 1326 nullius
339 1266 548 1327 medicamenti
571 1269 630 1326 rim
653 1269 802 1328 sustinere
825 1275 960 1345 possunt.
997 1267 1111 1328 Triduo

92 1363 192 1415 autem
219 1361 271 1414 aut
298 1355 464 1432 quadriduo
492 1355 667 1435 plerumque
700 1355 777 1416 tollit
809 1355 942 1416 dolorem
974 1355 1110 1417 adiutum

92 1445 140 1502 ovi
163 1443 312 1504 infusione
332 1451 362 1503 et
380 1462 473 1522 aquae
493 1443 603 1504 calidae
623 1463 738 1523 vapore.
778 1443 949 1522 Conpositio
974 1443 1108 1524 collyrio·
1128 1454 1144 1502 2

53 1550 169 1612 mrum,
193 1550 281 1610 quam
305 1534 431 1592 maxime
454 1531 557 1612 probo,
581 1533 617 1593 ad
640 1543 777 1594 recentes
799 1533 956 1612 epiphoras
975 1533 1022 1593 vel
1041 1553 1110 1594 con·

93 1619 278 1681 turbationes
306 1620 461 1682 oculorum
488 1629 680 1701 tumoresque
709 1632 739 1682 et
762 1622 893 1683 dolores:
925 1621 1107 1700 Plautaginis

92 1711 179 1769 tritae
205 1711 269 1769 suci
293 1709 413 1788 cyathos
436 1709 464 1769 ll
487 1712 545 1771 teri
568 1711 718 1789 oportebit
741 1729 810 1771 cum
831 1729 918 1771 croco
944 1710 1023 1789 quod
1048 1711 1107 1771 sui·

93 1799 185 1878 ficiat,
216 1797 246 1858 id
275 1807 320 1858 est
348 1799 477 1858 denariis
501 1798 631 1880 duobus,
659 1799 766 1860 deinde
790 1807 903 1879 cetera,
932 1817 1008 1878 quae
1031 1798 1109 1859 inira

93 1889 203 1964 scripta
227 1893 310 1967 sunt,
339 1888 496 1947 admisceri
519 1887 615 1965 pridie
639 1895 784 1947 macerata
809 1906 877 1947 oum
901 1905 973 1947 suco
997 1887 1108 1948 herbae

51 1997 79 2037 ao
93 1993 183 2052 supra
206 1977 344 2056 scriptae,
367 1975 396 2034 id
421 1983 467 2034 est
490 1973 570 2034 aloes
591 1973 708 2034 Indicae
728 1974 754 2033 ll
772 1973 834 2055 llll,
858 1977 986 2053 gummis
1001 1975 1109 2055 {11113

92 2071 195 2142 postea
218 2064 350 2124 eiusdem
370 2063 547 2142 plantaginis
567 2064 632 2122 suci
651 2062 772 2142 cyathos
792 2062 867 2122 duos
886 2062 963 2142 addi,
986 2071 1020 2123 ut
1040 2081 1109 2123 cum

92 2154 217 2230 spissata
245 2153 338 2212 fuerit
365 2153 549 2232 commixtio,
582 2150 701 2231 collyria
734 2151 892 2230 tingantur.
943 2150 1109 2231 Utrumque

92 2249 191 2302 autem
228 2259 323 2320 genus
355 2240 564 2300 medicamenti
591 2242 698 2301 eximie
730 2240 874 2319 prodesse
908 2239 1007 2300 iudico
1040 2259 1108 2319 pro·

92 2332 217 2408 prietate
243 2329 382 2410 quadam,
408 2329 460 2390 sed
484 2332 643 2409 praecipue
667 2329 746 2409 quod
770 2328 880 2390 nullam
904 2330 935 2389 in
959 2347 990 2390 se
1015 2331 1107 2410 aspri-

50 2418 227 2479 antudinam
249 2417 347 2499 habet,
372 2426 405 2478 ut
423 2417 572 2499 pleraque,
597 2419 706 2499 quibus
725 2419 788 2480 fere
809 2421 996 2497 inunguntur
1014 2419 1108 2479 homi·

92 2525 154 2567 nes.
209 2506 282 2566 Nam
316 2525 391 2585 quae
419 2526 455 2567 ex
488 2508 601 2569 cadmia
633 2517 684 2569 aut
716 2527 784 2568 aere
814 2517 881 2568 usto
915 2508 1108 2588 eiusdemque

92 2597 210 2674 generis
233 2597 392 2674 pigmentis
415 2606 638 2678 conponuntur,
662 2599 796 2676 quamvis
820 2599 938 2658 curiose
962 2604 1109 2676 terantur,

93 2692 228 2745 naturam
261 2693 359 2745 tamen
394 2703 477 2745 suam
510 2689 645 2747 amittere
678 2705 738 2746 non
770 2693 911 2766 possunt3
947 2703 1128 2767 numquam¹

93 2775 174 2833 enim
200 2783 234 2833 ut
262 2791 352 2834 sucus
380 2772 549 2853 diluuntur,
577 2774 629 2833 sed
658 2792 727 2834 cum
755 2775 791 2833 ad
820 2791 966 2834 summam
990 2773 1105 2852 suptih-

49 2881 78 2922 eo
92 2869 184 2922 tatem
207 2862 351 2940 perducta
372 2869 451 2940 sunt,
474 2868 573 2919 tamen
592 2863 677 2937 quasi
696 2860 901 2938 pulverulenta
920 2879 1043 2920 necesse
1063 2869 1109 2921 est

93 2958 243 3031 maneant,
267 2967 342 3029 quae
366 2947 521 3008 oculorum
544 2955 644 3026 partes
668 2946 748 3006 velut
770 2949 934 3027 configunt,
958 2956 1040 3007 certe
1060 2967 1108 3007 er·

91 3041 187 3100 terius
211 3047 348 3118 pungunt
371 3037 513 3096 foramina
537 3037 650 3114 primae
673 3033 824 3096 tuniculae
844 3032 931 3115 oculi,
955 3034 991 3094 ab
1015 3037 1109 3095 initiis

92 3127 223 3189 adhibita
251 3126 403 3188 interdum
429 3125 630 3186 molestiorem
658 3125 789 3184 futuram
813 3123 964 3183 concitant
987 3123 1107 3202 epipho-

94 3234 165 3277 ram.
212 3215 276 3286 Quo
304 3218 423 3293 nomine
453 3216 542 3275 etiam
566 3213 643 3293 quod
669 3213 717 3273 dia
740 3211 857 3292 glauciu
881 3210 991 3272 dicitur
1014 3211 1144 3290 probos

166 3349 339 3420 tinungeri.
395 3350 539 3404 thalneo.
591 3347 763 3404 ttconoedat
782 3347 941 3403 canarios.
993 3354 1109 3416 sprae-

94 3422 222 3492 cipimus.
296 3426 330 3474 16
348 3421 535 3488 tumuresque.
609 3427 642 3475 27
662 3420 880 3490 pigmentorum.
949 3425 989 3473 ‘dl
1005 3419 1050 3473 ab
1058 3416 1123 3469 Κῶ.-

94 3491 184 3549 niciis.
258 3498 291 3546 33
312 3491 505 3546 concitantem.
