2438 3802
491 177 728 242 -165-

107 340 189 400 adice
213 342 243 410 in
268 337 354 398 ollam
380 337 475 398 mellis
498 340 603 417 optimi
626 342 787 400 sextarium
811 349 841 401 et
862 350 965 421 postea
984 344 1117 423 decoque

106 429 141 489 ad
162 427 390 488 crassitudinem
409 426 517 507 mellis3
537 445 572 487 ex
592 445 626 488 eo
648 431 742 490 uteris
756 431 874 490 ieiunus
890 431 1011 491 cottidie
1030 432 1117 510 plena

104 517 195 595 ligula
227 516 262 576 ad
293 517 445 594 sanguinis
473 517 666 576 reiectionem
694 517 853 578 sedandam
886 527 915 579 et
943 519 979 578 ad
1010 527 1117 580 stoma·

106 605 195 666 chum
214 604 458 665 confirmandum.
487 604 632 683 Butyrum
647 605 774 666 nitidum
788 613 819 667 et
832 607 1006 668 tantundem
1020 607 1116 668 mellis
1136 617 1169 668 70

79 713 92 753 s
107 695 211 772 optimi
226 694 391 772 despumati
409 695 537 776 coquito,
554 693 648 754 donec
663 694 744 755 color
758 695 843 756 rusus
859 697 905 777 sit,
921 703 950 756 et
964 697 996 755 in
1009 696 1116 775 pyxide

107 799 214 842 cornea
241 781 369 842 reconde
397 789 486 860 atque
513 782 583 842 inde
606 801 692 844 mane
715 784 815 844 ieiuno
840 784 954 864 singula
978 784 1114 845 cocliaria

107 871 184 951 dato,
209 873 259 948 qui
281 869 429 949 pulmonis
453 869 615 931 exulcerati
637 873 707 932 vitio
731 872 856 934 fetidum
879 873 939 934 olet
959 873 1005 933 vel
1024 891 1115 951 puru-

106 959 219 1019 lentum
243 967 273 1019 et
295 959 419 1019 fetidum
444 966 571 1020 excreat.
606 960 758 1039 Axungiae
782 960 884 1021 suillae
907 969 1041 1022 vetustae
1060 980 1114 1022 un·
1135 970 1168 1018 ‘11

106 1050 167 1108 oiae
196 1055 258 1107 tres
286 1066 322 1108 ex
350 1049 411 1107 vini
438 1050 631 1108 vetustissimi
659 1048 753 1128 cotyla
782 1068 840 1110 una
869 1050 1008 1110 decoctae
1032 1053 1116 1128 potui

65 1155 91 1195 1o
105 1136 241 1215 pthisicis
265 1136 349 1196 datae
373 1144 510 1215 potenter
534 1137 743 1198 remediantur.
780 1138 888 1198 Anothi
911 1141 984 1199 sicci
1006 1141 1116 1199 veteris
1135 1146 1168 1196 72

105 1225 257 1304 pulverem
286 1233 316 1285 ct
343 1227 459 1285 resinae
484 1227 616 1303 pituinae
639 1226 792 1304 pulverem
815 1245 884 1286 cum
907 1227 993 1304 adipe
1017 1233 1116 1287 vetere

107 1315 243 1374 anserino
267 1321 318 1374 aut
341 1313 502 1392 gallinaceo
522 1314 669 1374 edendum
690 1332 776 1375 mane
795 1317 894 1374 ieiuno
914 1315 1047 1393 empyico
1067 1333 1115 1374 oo-

107 1401 204 1462 cliaria
233 1405 290 1462 tria
319 1410 350 1462 et
377 1420 500 1480 vespere
528 1403 702 1463 tantundem
726 1402 823 1484 dahis,
848 1405 923 1463 mire
948 1401 1114 1462 subvenies

105 1491 148 1551 Ad
178 1509 242 1571 eos,
270 1493 322 1569 qui
350 1492 523 1569 sanguinem
552 1501 704 1573 excreant,
732 1491 898 1552 remedium
926 1491 1031 1551 efficax
1059 1492 1115 1551 sic:
1135 1497 1168 1549 73

65 1597 91 1636 15
106 1579 194 1639 Turis
223 1578 347 1640 masculi
375 1579 532 1657 diligenter
559 1582 623 1641 triti
651 1576 732 1658 drap.
756 1579 795 1662 ll,
824 1581 1000 1640 ammoniaci
1027 1597 1116 1640 unam

105 1686 174 1728 cum
197 1670 274 1729 aceti
296 1668 414 1728 hemina
438 1667 527 1728 simul
550 1668 797 1750 contemperabis,
820 1671 862 1730 ita
880 1677 914 1730 ut
932 1668 995 1729 hibi
1013 1668 1117 1748 possit,

105 1765 135 1816 et
158 1756 303 1817 laboranti
326 1759 426 1817 ieiuno
450 1760 632 1837 aemoptyico
657 1758 749 1820 dabis.
1192 1807 1196 1814 .

195 1845 227 1905 Si
237 1847 304 1924 quis
319 1845 512 1924 purulentum
526 1847 625 1926 tussit,
640 1865 726 1907 ovum
743 1845 868 1906 crudum
884 1863 951 1906 cum
960 1847 1026 1924 pari
1034 1862 1115 1906 men·
1136 1849 1170 1901 74

107 1952 175 1994 sura
199 1937 264 1994 suci
287 1935 324 1994 de
346 1952 437 2014 porro
461 1936 573 1994 sectivo
597 1937 731 2012 expressi
754 1933 989 2013 tantundemque
1013 1935 1117 2012 optimi

65 2038 92 2078 ao
106 2022 201 2082 mellis
224 2024 363 2101 permixti
387 2022 561 2083 calefactum
584 2023 703 2084 ieiunus
727 2021 855 2084 sorbeat.
890 2021 934 2082 nd
956 2024 1116 2082 excreatio·
1137 2026 1170 2078 75

105 2129 173 2170 nem
197 2119 350 2172 cruentam
373 2110 538 2171 remedium
562 2112 619 2171 sic:
643 2110 765 2173 Coeleae
787 2110 910 2171 elixatae
929 2118 1069 2171 teruntur
1088 2120 1118 2170 et

104 2218 140 2259 ex
164 2218 240 2279 aqua
259 2200 352 2260 calida
372 2199 408 2259 ab
427 2201 528 2259 ieiuno
547 2199 692 2260 bibuntur
710 2217 827 2260 necnon
846 2199 880 2259 ad
901 2199 980 2260 idem
1000 2197 1117 2260 cocleae

103 2287 212 2348 inlotae
237 2307 272 2348 ex
296 2307 371 2368 aqua
389 2290 503 2349 marina
523 2296 694 2368 coquuntur
714 2297 744 2349 et
762 2288 951 2349 devorantur.
984 2287 1116 2348 Tussicis
1136 2294 1170 2345 76

104 2386 134 2437 et
157 2378 301 2456 empyiois
323 2377 447 2456 prodest
470 2396 553 2459 aqua,
576 2379 607 2437 in
627 2396 684 2457 qua
704 2377 834 2458 cydonea
857 2376 933 2437 mala
952 2385 1035 2438 cocta
1054 2377 1116 2438 fue·

63 2480 89 2522 ea
103 2467 173 2545 rint,
193 2465 315 2526 adsidue
333 2467 502 2548 propinata;
520 2468 584 2546 ipsa
603 2469 692 2527 ctiam
712 2469 738 2528 si
756 2468 872 2527 incocta
890 2466 1117 2547 manducentur,

102 2555 213 2615 iuvant.
251 2553 395 2632 Slongeae
418 2554 573 2616 Africanae
597 2563 719 2616 exustae
746 2557 822 2617 cinis
846 2573 914 2616 eum
938 2573 1010 2616 suco
1033 2556 1117 2634 porri
1137 2560 1169 2613 77

104 2644 208 2703 sectivi
230 2642 355 2703 haustus
379 2645 529 2722 empyicos
553 2653 644 2705 sanat.
689 2643 794 2704 Ralani
817 2645 895 2704 cocti
919 2643 985 2704 cibo
1005 2645 1117 2722 sumpti
1136 2649 1169 2698 78

104 2730 346 2810 sanguinulentus
378 2733 582 2792 excreationes
615 2731 753 2792 celeriter
785 2731 951 2792 emendant.
1002 2731 1116 2792 Gumen
1135 2737 1169 2786 79

104 2822 248 2897 optimum
271 2822 302 2880 in
326 2837 378 2879 ore
403 2818 533 2879 solutum
561 2826 592 2879 et
619 2818 809 2896 degluttitum
836 2837 951 2879 summo
975 2821 1117 2897 empyicis

63 2922 90 2963 ao
104 2908 235 2968 remedio
260 2917 314 2969 est.
351 2905 515 2986 Ruborum,
538 2908 569 2966 in
593 2905 701 2984 quihus
724 2922 807 2966 mora
831 2914 1004 2986 nascuntur,
1027 2905 1115 2965 cauli·
1135 2912 1169 2962 80

104 2997 164 3057 erili
191 2999 288 3057 teneri
316 2994 498 3076 tunduntur3
526 3012 562 3054 ex
592 2993 639 3053 his
670 3011 760 3054 sucus
788 2994 978 3072 exprimitur,
1007 2994 1058 3071 qui
1085 2995 1116 3052 in

104 3084 165 3146 sole
185 3085 220 3146 ad
241 3083 469 3145 crassitudinem
487 3081 584 3144 mellis
603 3083 750 3162 spissatur
769 3083 910 3160 agitatus:
928 3079 977 3140 hie
991 3081 1116 3140 haustus

103 3173 362 3252 sanguinulentam
386 3173 603 3234 excreationem
628 3171 833 3232 efficacissime
859 3167 959 3230 cludit.
1000 3167 1116 3230 Eorun-

103 3261 170 3323 dem
201 3261 346 3322 ruborum
377 3260 514 3322 cauliculi
547 3261 644 3322 teneri
676 3278 712 3320 ex
743 3261 812 3320 vino
843 3264 961 3319 austero
992 3257 1116 3319 discocti

176 3395 311 3465 interis]
331 3395 444 3451 ueiens.
529 3394 665 3451 alecula.
752 3402 786 3452 10
803 3394 941 3466 lphisicis.
1027 3410 1115 3450 reme·

102 3465 228 3536 dicutur]
247 3465 432 3521 remediatum
451 3468 503 3523 est.
587 3471 619 3522 1⁷
639 3467 808 3539 emoptoico.
893 3471 932 3522 ‘iu
946 3464 1134 3536 nemimem

104 3537 265 3592 Oorourtue.
338 3542 372 3592 22
392 3537 441 3611 ab]
460 3538 505 3594 ad.
