2438 3802
513 152 706 214 „7-

96 314 250 394 pulmonis
273 312 374 373 labore
398 311 562 395 vexabitur,
585 313 727 373 frenesim
749 313 920 395 sustinebit,
946 322 1026 375 atrae
1045 313 1113 375 bilis

98 403 208 464 infesta
231 403 390 462 commotio
413 401 449 462 ad
473 419 569 480 usque
592 404 694 462 vesani
718 420 787 463 eum
812 403 923 463 furoris
948 402 1114 480 periculum

98 492 210 572 trahet,
238 489 398 550 iactabitur
426 489 560 550 febribus
588 488 696 571 acutis,
724 493 811 569 inops
836 493 932 551 somni
955 491 1115 568 agitabitur

98 581 277 660 perniciosis
296 578 412 657 vigiliis,
449 578 480 638 Si
499 578 617 658 quando
636 587 735 640 antem
754 578 877 640 morbus
896 598 912 639 a
931 588 1034 640 ventre
1053 599 1114 641 mo·
1133 591 1150 639 4

72 669 186 749 ulitur,
216 670 267 746 qui
295 676 325 728 et
352 669 416 746 ipse
439 667 615 728 multiformi
637 676 790 746 grassatur
812 668 1012 748 incommodo,
1042 668 1115 729 haec

99 761 183 836 signa
208 757 385 834 praemittit:
422 763 580 835 torquetur
608 757 689 817 alvus
720 765 750 818 et
778 766 931 837 correptos
960 756 1044 818 cibos
1071 759 1115 818 in·

98 847 261 907 moderatis
279 844 425 905 fluoribus
443 845 550 925 fundit,
573 854 661 923 potus
680 848 711 906 in
731 846 958 907 amaritudinem
980 849 1114 928 vertitur,

98 934 302 996 membrorum
330 935 462 993 omnium
491 935 624 994 existunt
647 934 764 995 dolores
788 954 876 996 causa
899 935 1008 996 latente
1032 953 1113 1014 gras·

99 1031 209 1102 santes,
231 1023 326 1082 fervet
343 1024 443 1082 nimiis
457 1021 619 1083 ruboribus
634 1042 743 1103 corpus
758 1032 788 1085 et
801 1026 898 1085 acutis
912 1032 1000 1103 atquc
1015 1023 1113 1086 occul-

58 1127 84 1166 ιο
98 1115 138 1173 tis
162 1110 297 1172 febribus
315 1110 486 1172 inardescit.
518 1111 683 1172 Adversum
700 1112 772 1173 haec
793 1122 896 1173 venter
916 1121 962 1174 est
980 1112 1113 1174 mollien-

98 1201 155 1262 dus
170 1203 235 1261 sine
250 1199 355 1278 grandi
369 1218 441 1261 cura
456 1207 507 1260 aut
516 1202 598 1278 gravi
608 1200 831 1263 medicamento.
850 1201 923 1262 Nam
934 1204 986 1281 qui
995 1201 1113 1280 lapatho

98 1290 145 1350 rel
159 1288 330 1349 mercuriali
344 1287 436 1348 herba
451 1307 524 1349 usus
536 1290 636 1368 fuerit,
651 1290 804 1350 commode
815 1289 913 1350 alvum
927 1288 1113 1369 temperabit.

101 1378 133 1438 Si
151 1396 255 1456 parum
274 1377 411 1456 proficiet
429 1377 503 1438 haec
522 1377 647 1437 medella
667 1386 697 1437 et
716 1396 805 1456 supra
825 1378 903 1438 dicta
922 1378 1030 1438 indicia
1047 1395 1113 1455 per·

99 1465 290 1546 severabnnt,
314 1465 456 1526 decoctus
480 1468 594 1526 urticae
618 1483 709 1526 sucus
727 1467 811 1545 potui
831 1465 957 1525 dabitur.
995 1465 1114 1526 Utiliter

58 1569 83 1610 15
98 1557 288 1634 accipiuntur
311 1563 341 1614 et
364 1573 465 1633 cymae
489 1554 620 1614 caulium
643 1554 736 1615 multa
760 1573 835 1634 aqua
854 1554 1045 1614 vehementer
1064 1573 1113 1614 ex-

98 1654 215 1723 coctae,
235 1647 323 1704 etiam
341 1642 491 1704 brassicae
510 1662 597 1704 umor
615 1643 702 1704 melle
724 1644 853 1704 admixto
873 1650 903 1704 et
916 1661 1037 1723 asperso
1053 1643 1113 1703 sale

98 1740 282 1811 temperatus
296 1730 361 1791 bibi
374 1731 463 1792 dehet
481 1733 517 1793 ad
532 1733 719 1794 heminarum
734 1740 876 1813 quattuor
890 1733 1019 1794 modurn.
1056 1731 1113 1802 Qui
1132 1740 1148 1788 5

98 1821 171 1881 haec
188 1820 329 1882 adhibere
344 1823 514 1903 cessaverit,
533 1821 581 1881 his
599 1821 713 1901 patebit
727 1824 854 1904 iniuriis,
873 1830 907 1882 ut
924 1830 975 1883 aut
989 1822 1111 1883 ciliacus

97 1910 150 1970 fiat
172 1920 223 1970 aut
245 1908 393 1969 meatibus
416 1912 514 1988 ruptis
532 1911 716 1970 inmoderato
734 1913 848 1971 ventris
866 1910 961 1972 fluore
979 1919 1112 1972 vexetur.

56 2013 84 2052 so
98 1997 174 2058 Hinc
203 1997 364 2077 dysinteria
389 2001 486 2058 oritur
514 2007 545 2057 et
572 1997 676 2058 iliacus
698 1998 821 2059 morbus
845 2007 875 2058 et
897 1999 934 2058 ad
958 2001 1113 2079 superiora

99 2088 187 2147 limus
210 2085 381 2146 redundans
409 2087 537 2147 vomitus
562 2093 591 2145 et
619 2087 885 2164 empneumatosim
903 2087 999 2146 faciet.
1035 2086 1112 2145 Hinc

98 2178 177 2236 seiae
205 2177 305 2253 passio
329 2178 387 2235 erit
420 2175 564 2254 dolorque
592 2192 746 2255 coxarum,
774 2173 926 2252 apoplexis
954 2176 1042 2235 etiam
1065 2173 1112 2233 his

98 2264 264 2342 originibus
284 2265 404 2345 existet,
423 2264 494 2324 hinc
518 2272 548 2324 ct
567 2265 719 2342 sanguinis
737 2281 792 2342 per
810 2265 969 2324 interiores
988 2270 1113 2346 meatus,

98 2353 128 2412 id
143 2361 189 2413 est
203 2371 258 2432 per
272 2352 524 2432 haemorrhoidas,
543 2352 621 2413 fluor
634 2353 747 2414 multus
762 2363 885 2414 emanat.
909 2353 1111 2415 Articulorum

55 2457 218 2521 nequaque
241 2440 374 2519 morbus,
399 2459 486 2521 quem
507 2441 611 2503 Graeci
630 2442 779 2503 arthritim
800 2450 914 2524 vocant,
937 2445 1027 2504 istinc
1047 2462 1111 2504 ere-

97 2539 172 2592 atur.
216 2529 291 2591 Cum
314 2548 384 2590 vero
408 2548 444 2590 ex
467 2533 564 2591 vesica
588 2533 713 2592 inminet
736 2534 820 2611 origo
839 2535 980 2593 vitiorum
999 2541 1029 2593 et
1047 2535 1111 2611 ipsa
1131 2540 1146 2588 6

96 2637 156 2680 non
175 2623 274 2679 minus
294 2621 392 2680 causis
410 2618 547 2697 pluribus
567 2638 687 2702 nocens,
706 2621 753 2682 his
777 2620 1044 2700 significationibus
1067 2623 1111 2680 in-

96 2707 257 2786 tellegitur.
290 2707 404 2768 lnilatio
424 2711 538 2769 vesicae
558 2709 650 2791 adest,
669 2709 744 2771 solet
766 2712 896 2770 enimin
916 2729 980 2770 eam
998 2709 1111 2771 multus

97 2814 134 2855 ex
158 2796 216 2855 alvi
237 2804 336 2857 meatu
360 2806 465 2858 ventus
488 2799 607 2878 inmitti,
634 2799 702 2858 inde
727 2798 848 2859 adsidua
872 2800 1013 2879 ructatio,
1041 2797 1110 2857 inde

57 2898 85 2937 so
100 2885 316 2944 incontinentes
335 2888 468 2964 crepitus
488 2894 660 2964 egeruntur,
683 2885 752 2944 inde
772 2887 869 2962 gravis
888 2904 1020 2964 somnus,
1041 2885 1110 2945 inde

100 2972 187 3030 urina
206 2972 322 3033 sordida
341 2982 371 3034 et
387 2974 445 3033 diri
459 2971 560 3030 odoris
575 2973 707 3047 egeritur
722 2979 752 3030 et
767 2973 845 3030 circa
860 2972 996 3048 genitalia
1010 2980 1111 3030 tumor

100 3062 204 3138 surgit.
241 3060 293 3122 His
317 3081 387 3141 ergo
411 3058 624 3123 animadversis
647 3056 698 3118 tali
717 3058 775 3117 erit
794 3056 1029 3118 subveniendum
1048 3076 1110 3118 mc-

169 3233 295 3304 lctraa]
316 3232 433 3287 adtrahi.
526 3229 651 3286 3acntis
670 3247 720 3286 om.
805 3233 838 3283 13
856 3227 977 3284 medella
990 3234 1039 3284 Im
1053 3247 1110 3284 me-

96 3303 161 3358 dela
180 3308 231 3360 2m
251 3305 283 3357 tu
301 3319 357 3358 rao.
459 3309 490 3358 17
509 3303 570 3357 bibi
589 3308 637 3358 Im
659 3301 757 3357 bibere
776 3305 836 3357 2m.
921 3299 995 3355 hunc
1012 3303 1110 3370 (supra

95 3376 208 3442 lincam)
228 3375 352 3430 modum.
404 3380 436 3428 18
455 3374 577 3429 cilianus.
629 3379 664 3429 20
683 3373 788 3429 orietur
802 3372 964 3442 Stephanus.
1015 3377 1048 3426 21
1064 3389 1110 3428 en-

94 3444 293 3516 pneuma'oisin.
384 3444 472 3500 faciet
489 3450 538 3500 Im
556 3443 633 3500 ficiet
651 3451 710 3502 2m.
800 3450 833 3499 22
854 3443 909 3500 scie
929 3449 977 3500 im
996 3443 1111 3500 sciebico

95 3519 157 3571 2m.
199 3515 464 3572 24aemorrhoidas.
506 3516 697 3572 mercurium.
743 3521 778 3572 28
788 3517 870 3573 adest
878 3532 930 3574 oue.
975 3516 1116 3575 eulmen.
