2438 3802
511 129 750 192 -114-

73 310 107 360 82
128 297 305 374 stringetur:
333 312 400 355 cum
425 293 548 354 solveris
571 301 601 353 et
623 294 798 368 removeris,
823 291 904 353 fluet.
946 292 1142 376 Caproficum,
1172 331 1173 336 κ

129 404 204 464 quae
227 386 258 444 in
281 383 378 463 lapide
401 385 543 462 nascitur,
567 380 688 460 colliges
712 382 773 441 sive
797 382 906 441 siccam
931 399 984 442 seu
1007 382 1142 463 viridem,

128 475 156 535 id
182 483 228 535 est
250 475 349 552 ipsum
371 490 506 550 pomum,
533 477 562 530 et
584 471 615 530 in
639 469 716 548 pelle
739 471 860 547 caprina
882 469 1047 530 involutum
1070 470 1142 549 liga-

127 563 173 623 bis
197 563 233 624 de
257 562 334 642 licio,
358 560 437 638 quod
459 562 491 619 in
514 558 572 618 tela
595 559 694 637 fuerit,
718 566 747 618 et
771 560 799 618 ei
816 557 882 619 loco
901 559 1040 639 adpones,
1059 560 1141 621 unde
1184 614 1187 618 ,

126 653 184 712 erit
208 651 360 728 sanguinis
378 649 478 728 lluxio,
501 649 601 707 statim
620 646 817 726 cohibebitur,
841 649 902 708 sive
922 649 984 707 viro
1005 647 1041 708 de
1060 651 1168 709 nari-5

127 740 182 800 bus
207 741 267 798 sive
291 736 409 797 mulieri
433 737 469 796 de
492 736 566 796 locis
591 735 853 796 verecundioribus
876 736 957 796 iluat

556 930 635 992 CAP.
657 929 706 990 xi.

123 1043 222 1099 Vitiis
236 1043 406 1098 labiorum
421 1045 456 1098 et
469 1041 612 1111 gingivis
627 1044 662 1096 et
677 1042 819 1098 osoidini
833 1045 868 1098 et
882 1042 948 1098 oris
961 1043 1140 1100 ulceribus

124 1135 159 1188 et
189 1133 290 1188 fetori
314 1135 348 1188 et
374 1132 510 1200 linguae
539 1130 673 1200 pusulis
700 1133 735 1185 et
761 1131 866 1200 palati
893 1132 1140 1190 exulcerationi

251 1221 402 1278 remedia
424 1220 563 1291 physica
586 1222 621 1274 et
642 1219 855 1274 rationabilia
878 1220 1012 1276 diversa

472 1311 515 1365 de
538 1307 786 1378 experimentis.

86 1460 100 1507 1
210 1447 286 1508 Vitia
310 1449 370 1507 oris
394 1455 424 1506 et
447 1447 576 1506 faucium
600 1452 630 1505 et
653 1443 761 1525 ulcera,
785 1462 860 1522 quae
886 1446 917 1504 in
940 1464 991 1506 ore
1011 1447 1088 1507 fiunt
1107 1457 1138 1509 et

122 1536 260 1597 celeriter
283 1538 465 1614 nigrescunt,
488 1536 567 1592 inter
590 1535 673 1592 initia
693 1542 809 1611 oportet
828 1533 919 1594 rebus
941 1534 1137 1618 simplicibus,

122 1625 151 1685 id
175 1633 220 1685 est
243 1643 319 1704 aqua
343 1622 436 1683 calida
459 1640 514 1700 per
537 1639 569 1680 se
595 1621 641 1680 vei
663 1622 767 1702 mulsa,
793 1630 895 1700 postea
918 1642 989 1682 vero
1013 1623 1136 1685 decocta

121 1733 197 1791 aqua
221 1733 289 1774 curn
313 1710 451 1772 lenticula
474 1709 520 1770 vel
542 1708 680 1788 palmulis
699 1709 745 1770 vel
764 1710 918 1792 capreolis,
941 1711 971 1771 id
991 1720 1036 1772 est
1055 1731 1178 1773 sum-10

122 1802 276 1861 rnitatibus
301 1803 413 1881 vitium,
436 1798 482 1860 vel
504 1797 589 1858 malis
613 1797 752 1877 cydoneis
771 1809 822 1859 ant
840 1799 972 1878 mespilis
991 1811 1042 1861 a'ut
1060 1804 1135 1879 piris

87 1903 103 1948 2
124 1889 277 1968 Syriaticis
301 1898 351 1950 ant
374 1907 459 1950 rosae
482 1887 561 1948 foliis
586 1887 700 1948 adiecto
720 1887 806 1948 melle
826 1891 933 1948 curari.
966 1889 1064 1968 Adeps
1084 1909 1135 1951 an-

122 1980 240 2039 serinus
264 1987 314 2038 aut
337 1978 517 2057 gallinaceus
540 1979 631 2037 rimas
658 1976 804 2037 labiorum
832 1980 950 2056 egregie
978 1987 1063 2039 curat
1090 1981 1135 2039 in-

84 2079 100 2127 3
119 2069 244 2146 positus.
274 2067 519 2146 Nigrescentibus
538 2065 689 2127 ulceribus
707 2066 842 2145 proderit
856 2065 985 2127 colluere
1001 2086 1034 2127 os
1049 2086 1134 2148 aqua,

120 2158 151 2216 in
180 2175 238 2235 qua
266 2165 384 2217 coctum
413 2158 452 2216 sit
479 2155 636 2216 lentiscum
664 2155 710 2215 vel
742 2154 836 2215 rubus
862 2155 907 2215 rel
939 2164 1054 2235 myrtus
1087 2157 1134 2217 vel
1148 2175 1174 2216 15

119 2244 193 2304 rhus
213 2245 366 2324 Syriacum
390 2244 436 2304 vel
459 2244 620 2304 oleastrum
639 2243 684 2303 vel
703 2245 785 2303 iunci
803 2243 896 2324 radix,
920 2263 1008 2323 quam
1028 2245 1134 2306 Graeci

119 2352 249 2413 cyperon
279 2341 397 2412 vocant,
425 2340 476 2392 aut
504 2331 640 2392 similiter
667 2331 781 2392 adiecta
808 2350 863 2410 per
892 2351 923 2393 se
952 2341 982 2393 et
1010 2333 1132 2394 decocta

119 2422 193 2501 galla
213 2422 341 2502 Syriaca.
388 2419 544 2500 Oportebit
567 2427 665 2480 autern
689 2438 857 2498 perungere
885 2421 1007 2482 adsidue
1032 2421 1133 2483 ulcera

119 2529 191 2572 suco
215 2511 296 2592 rubi,
324 2511 456 2590 lentisci,
485 2508 617 2587 oleastri,
645 2527 730 2568 rosae
753 2509 858 2569 viridis
881 2509 1033 2592 soliorum3
1061 2511 1132 2572 lacit

116 2599 191 2660 bene
220 2608 250 2660 et
278 2600 321 2661 sal
349 2601 452 2661 tritum
476 2615 544 2658 cum
568 2595 654 2656 melle
678 2596 860 2657 inculcatum
883 2601 1003 2677 copiose
1026 2599 1062 2659 ad
1087 2602 1130 2660 ni·
1145 2619 1171 2658 ao

80 2700 98 2747 4
117 2688 263 2766 gridinem
287 2688 390 2750 talium
409 2686 544 2747 ulcerum
563 2684 732 2746 eruendam.
770 2685 859 2747 Labia
878 2695 966 2766 rupta
985 2689 1030 2747 vel
1050 2688 1130 2749 exul·

117 2786 215 2836 cerata
243 2780 319 2837 mira
347 2776 498 2837 celeritate
529 2773 660 2855 sanabis,
689 2775 714 2835 si
742 2793 840 2835 ceram
863 2778 894 2836 in
919 2776 982 2836 oleo
1006 2795 1130 2837 rosaceo

116 2864 151 2924 ad
176 2868 271 2926 ceroti
294 2867 414 2926 modum
437 2864 627 2944 liquefeceris
650 2882 777 2943 cumque
801 2866 831 2924 in
853 2864 979 2926 caccabo
1002 2865 1048 2926 vel
1072 2867 1130 2926 aci-

115 2953 214 3015 tabulo
238 2954 450 3035 conferbuerit,
476 2953 623 3014 anchusae
647 2953 762 3014 radices
785 2953 930 3014 adieceris
954 2961 984 3013 et
1007 2955 1129 3034 refrige-

78 3055 94 3102 ὅ
114 3050 177 3103 rato
202 3046 334 3123 unguine
353 3046 383 3104 in
403 3052 521 3104 noctem
539 3041 616 3102 labia
635 3041 781 3102 inleveris.
818 3041 852 3101 In
876 3044 924 3102 ovi
942 3049 1018 3102 testa
1037 3061 1129 3103 mem·
1144 3061 1171 3101 aa

77 3143 93 3190 e
113 3130 205 3191 brana
220 3151 296 3211 quae
310 3133 414 3192 haeret
429 3133 525 3208 ruptis
540 3129 625 3189 labiis
640 3137 721 3190 recte
736 3129 904 3207 adponitur,
931 3129 1003 3208 Aiga
1015 3133 1129 3192 marina

113 3221 192 3280 sicca
218 3220 402 3298 candidaque
426 3218 559 3296 adposita
582 3216 667 3277 labiis
691 3219 788 3297 ruptis
813 3219 972 3278 efficaciter
995 3219 1127 3297 prodest.

182 3359 224 3478 phi
243 3353 364 3493 {tigilla}
393 3423 514 3478 mirium.
625 3428 657 3478 18
680 3429 745 3492 poet
773 3423 887 3492 Syriaca
914 3425 978 3480 add.
1007 3412 1127 3480 contusa

111 3495 273 3548 Carnarius.
347 3499 381 3548 20
399 3492 591 3549 inculciaium.
664 3501 698 3548 25
717 3493 843 3550 inlueris.
