2438 3802
475 170 716 236 -355-

90 340 209 414 oportet
235 333 272 392 ad
300 332 396 393 mellis
424 332 647 412 spissitudinem
675 341 763 411 atque
790 335 831 394 ita
858 333 964 412 pyxide
992 353 1100 395 cornea

90 423 204 501 reponi.
240 420 345 482 Melius
369 438 439 481 sane
463 431 509 482 est
532 439 636 482 recens
659 421 716 481 hoc
735 421 990 502 medicamentum,
1014 425 1100 482 cuius

91 529 164 572 usus
188 509 253 570 talis
277 518 336 570 estc
359 508 391 569 ld
415 511 521 590 ipsum,
546 509 624 588 quod
648 509 828 570 destinatum
851 511 909 569 erit
932 511 996 569 sine
1020 509 1100 569 ferro

90 597 168 679 tolli,
200 598 230 658 id
258 599 323 676 ipso
356 597 477 676 specillo
510 597 547 657 de
574 596 631 658 boc
664 598 857 658 medicamine
889 595 1039 658 oblinetur
1071 605 1102 657 et

62 703 161 747 ccum
189 687 260 746 satis
288 687 373 764 niger
400 685 496 765 locus,
525 688 575 747 cui
600 688 767 768 inponitur,
795 693 825 746 et
853 687 938 764 quasi
960 694 1101 766 perustus

91 776 173 834 usus
192 775 291 847 luerit,
312 781 377 834 tum
396 772 544 853 oportebit
563 792 623 834 non
642 775 713 852 poni
731 775 989 854 medicamentum,
1011 776 1101 835 immo

92 863 182 923 etiam
204 860 368 940 abstergeri
396 869 426 922 et
448 879 555 940 panem
578 880 614 922 eu
637 879 712 941 aqua
736 870 766 922 et
788 880 856 922 rosa
879 864 1049 924 conlectum
1072 871 1102 923 et

91 952 196 1012 tritum
219 951 330 1028 inponi.
365 949 428 1010 Hoc
447 957 477 1010 et
496 957 625 1010 strumas
644 957 735 1029 sanat,
759 958 916 1029 antequam
936 969 1101 1030 suppuren-

91 1048 150 1100 tur.
192 1037 317 1116 Oportet
337 1045 445 1119 autem,
469 1056 536 1099 cum
559 1038 616 1100 boc
638 1038 887 1099 medicamentum
910 1046 1042 1099 crustam
1060 1039 1100 1099 fe-

50 1128 168 1188 lucerii
190 1129 222 1186 in
245 1127 377 1205 strumis,
400 1125 513 1186 nullum
536 1125 615 1186 aliud
639 1126 782 1187 adhiberi.
822 1126 895 1187 Cum
913 1144 984 1186 vero
1003 1125 1100 1205 aliqua
1120 1140 1153 1190 rt

92 1233 162 1295 pars
185 1213 288 1274 talium
311 1213 445 1275 locorum
468 1217 677 1293 suppuraverit
700 1221 730 1274 et
750 1214 873 1274 timidus
892 1213 982 1274 iuerit
1001 1216 1053 1292 qui
1070 1215 1101 1274 id

92 1304 205 1381 patitur
229 1303 378 1383 sectionis,
400 1310 465 1363 tum
487 1304 569 1363 visco
588 1321 675 1381 quam
693 1302 821 1381 plurimo
841 1301 1025 1362 medicamen
1044 1301 1102 1362 col-

92 1390 146 1468 ligi
168 1397 198 1450 et
221 1389 391 1468 conglobari
418 1397 506 1470 atque
534 1393 575 1452 ita
602 1391 711 1470 adponi
734 1389 883 1469 oportebit
909 1391 940 1448 in
970 1389 1047 1449 aluta
1071 1391 1102 1450 in

93 1485 210 1540 tantum
230 1479 357 1557 spatium
374 1481 578 1559 circumsecta,
597 1487 740 1559 quantum
755 1479 860 1539 modus
875 1477 985 1539 ulceris
999 1477 1103 1558 suerit3

52 1582 79 1624 1⁶
95 1585 128 1627 ea
152 1585 222 1627 sane
245 1573 328 1645 parte
352 1575 488 1648 ponetur,
512 1586 569 1646 qua
588 1576 689 1646 aptum
709 1569 766 1628 erit
783 1567 869 1628 ulcus
888 1568 1006 1645 aperiri.
1039 1565 1102 1626 Hoc
1152 1614 1159 1625 ,

93 1673 148 1734 ego
171 1655 386 1715 medicamento
410 1673 497 1734 saepe
521 1655 651 1715 diutinos
675 1655 791 1715 dolores
815 1656 903 1715 etiam
924 1656 1055 1732 pectoris
1073 1663 1104 1714 et

92 1742 194 1803 lateris
213 1752 243 1802 et
261 1741 430 1803 lumborum
450 1743 566 1823 sustuli,
585 1762 653 1804 cum
672 1743 708 1803 ad
727 1742 842 1803 nullum
861 1742 940 1803 aliud
960 1742 1102 1821 malagma

94 1829 177 1890 dolor
197 1830 331 1910 cederet3
350 1829 518 1891 exulcerata
536 1834 614 1891 enim
633 1839 717 1910 parte
735 1833 880 1910 cuiusque
899 1830 1026 1891 dolentis
1044 1830 1103 1890 loci

95 1935 163 1978 cum
186 1916 340 1977 umoribus
362 1926 466 1996 postea
487 1920 592 1979 vitium
615 1937 702 1980 omne
726 1918 874 1980 sublatum
898 1927 951 1980 est.

53 2020 81 2061 so
183 2003 303 2064 Varices
334 2012 419 2066 curat
451 2013 481 2066 et
508 2007 599 2085 adeps
626 2007 804 2086 gallinaceus
837 2025 904 2068 cum
932 2025 1004 2085 cepa
1032 2009 1155 2070 tritara

93 2094 241 2170 inpositus
269 2092 315 2152 vel
341 2093 506 2171 perductus
532 2095 664 2157 adsidue.
705 2095 846 2155 Articulis
868 2094 977 2155 luxatis
999 2113 1102 2155 sevum
1122 2109 1155 2158 rt

92 2180 216 2260 pecudis
240 2183 455 2261 cuiuscumque
479 2200 547 2243 cum
568 2185 668 2244 cinere
687 2183 724 2244 de
744 2182 848 2261 capillo
867 2182 1007 2243 muliebri
1025 2183 1102 2243 lacto

91 2269 236 2330 medetur.

181 2357 336 2420 Frumenti
358 2377 449 2438 grana
474 2357 550 2419 Vllll
573 2361 605 2420 in
623 2361 721 2439 tegula
741 2360 879 2421 candenti
897 2358 1054 2420 combures
1073 2367 1103 2420 et
1121 2373 1156 2423 80

52 2459 78 2502 aa
92 2446 124 2505 in
147 2447 278 2507 cinerem
301 2447 419 2527 rediges
443 2456 473 2509 et
496 2451 605 2529 cymini
629 2449 708 2528 quod
732 2449 848 2510 duobus
871 2448 972 2527 digitis
995 2447 1102 2526 pollice

93 2541 123 2593 et
149 2534 317 2596 medicinali
344 2544 447 2597 tenere
472 2540 621 2618 potueris,
649 2536 786 2598 similiter
809 2537 957 2598 urendum
979 2538 1011 2596 in
1034 2555 1101 2598 can·

92 2621 174 2682 denti
196 2623 296 2700 tegula
318 2642 412 2702 pones
435 2625 525 2685 etde
548 2635 630 2686 terra
653 2625 732 2704 quod
755 2625 853 2686 tribus
877 2625 976 2703 digitis
999 2633 1102 2686 tenere

91 2711 225 2786 potueris
253 2709 343 2769 addes
375 2728 492 2770 necnon
521 2719 551 2771 et
581 2711 686 2771 laseris
719 2713 881 2791 modicum,
911 2711 991 2789 quod
1024 2715 1103 2773 inter

93 2795 168 2855 duos
192 2795 299 2871 digitos
323 2803 434 2872 teneas,
458 2797 568 2856 adicies
586 2798 676 2874 idque
695 2800 807 2874 pariter
826 2805 963 2858 conteres
987 2807 1016 2858 et
1034 2801 1102 2857 vino

51 2899 79 2940 so
94 2880 310 2984 conglutinabis
338 2889 369 2940 et
395 2882 431 2940 ad
460 2880 574 2942 clavum
599 2883 742 2963 adpones3
770 2885 801 2944 id
824 2887 912 2944 eiiam
935 2884 1102 2944 furunculis

91 2968 164 3031 mlle
181 2976 241 3117 13?
250 3056 318 3116 fimo
344 3054 418 3135 pulli
441 3054 594 3135 gallinacei
617 3057 696 3138 quod
719 3057 844 3119 rubrum
868 3058 959 3118 fuerit
981 3056 1101 3136 colliges
1120 3072 1153 3121 81

93 3154 123 3206 et
150 3145 280 3223 adpones
308 3143 437 3206 clavellis
465 3152 554 3225 atque
581 3146 650 3208 inde
679 3163 730 3208 eos
758 3148 876 3226 saepius
899 3145 989 3228 lines,
1016 3145 1101 3207 vehe-

91 3241 208 3294 menter
230 3232 406 3295 medebitur.
996 3237 1000 3241 ’

180 3367 248 3422 ald
266 3367 370 3440 ipsum]
388 3367 493 3440 itaque.
547 3369 709 3444 dspicillo.
759 3376 799 3425 ii
814 3368 964 3424 turnebus.
1011 3362 1140 3438 &bxi-,Vt

88 3438 168 3492 uirus.
251 3444 286 3492 19
303 3440 479 3500 bumoribus.
568 3462 700 3506 omnem.
784 3446 828 3500 ‘ib
847 3440 962 3497 ciuem.
1044 3435 1166 3477 mm.

75 3510 112 3556 80
124 3507 303 3573 puruneulr's.

960 3587 1028 3648 ‘tu‘
