2438 3802
518 113 736 179 „32-

123 297 178 358 per
211 278 336 338 mediam
370 278 497 338 frontem
530 287 559 338 et
594 287 719 357 utraque
752 285 885 356 tempora
920 278 1135 360 circumdetur3

124 367 200 428 bene
224 367 294 428 lacit
317 374 347 427 ct
370 367 535 427 lomentum
557 385 612 445 per
633 369 770 445 spongias
789 365 893 426 molles
912 385 1004 446 aquae
1024 367 1136 428 calidae

125 455 255 517 decoctis
279 458 309 516 in
334 474 367 516 ea
391 457 474 534 prius
498 455 575 516 lauri
597 455 675 516 loliis
698 463 728 516 et
746 454 894 533 capitibus
912 459 1067 534 papaveris
1087 457 1136 517 ad-

124 544 253 605 hibitum
281 554 311 605 et
338 547 440 605 unctio
468 546 559 622 capiti
586 545 662 604 lacta
690 563 726 604 ex
754 544 832 604 loliis
861 543 937 604 lauri
960 552 991 604 et
1014 547 1082 624 agni
1106 554 1136 606 et

70 631 104 681 32
123 633 225 712 populi
243 635 323 694 tritis
343 652 411 694 cum
428 641 512 693 aceto
537 641 567 693 et
589 632 662 693 oleo.
699 632 743 692 Ad
764 632 873 713 ulcera,
893 636 1018 713 quaein
1038 636 1163 712 capiteo

123 723 321 783 effervescunt
348 741 417 782 cum
445 724 558 782 umoris
581 724 766 802 manatione,
794 721 917 800 prodest
939 740 1016 800 aqua
1042 722 1136 783 calida

123 810 168 871 bis
192 820 274 872 terve
299 811 347 871 die
370 829 424 890 per
448 812 601 890 spongiam
620 812 739 888 saepius
758 828 848 888 super
867 810 967 871 ulcera
986 829 1134 890 expressa,

70 913 104 964 33
124 899 203 978 quod
216 900 321 960 Graeci
335 898 509 960 catantlesin
524 899 680 978 appellant.
708 898 923 960 Perunctiones
938 909 1046 980 autem,
1062 919 1135 979 quas

124 987 230 1049 Graeci
248 987 462 1068 synchrismata
481 996 595 1068 vocant,
619 995 649 1048 et
668 1006 710 1068 ea,
730 1006 804 1066 quae
827 991 1015 1067 superposita
1034 989 1134 1049 dolen·

123 1076 203 1137 tibus
227 1079 361 1156 partibus
385 1077 463 1137 idem
487 1077 694 1155 cataplasmata
718 1075 874 1156 appellant,
899 1078 1044 1138 eiusmodi
1066 1096 1133 1156 pro·
1149 1095 1175 1134 1o

124 1173 206 1227 sunt:
230 1165 310 1226 Folia
333 1165 431 1226 salicis
455 1185 490 1226 ex
514 1184 589 1244 aqua
608 1167 678 1225 trita
697 1173 748 1225 aut
767 1167 835 1226 vitis
855 1165 937 1226 albae
955 1166 1040 1227 radix
1059 1185 1134 1246 aqua

122 1273 197 1334 pura
217 1264 300 1316 cocta
319 1263 370 1315 aut
388 1253 528 1316 lenticula
547 1273 583 1314 ex
603 1272 678 1333 aqua
696 1261 780 1314 cocta
800 1261 851 1314 aut
869 1257 1004 1334 asparagi
1018 1255 1134 1316 radices

70 1349 105 1399 34
123 1362 159 1404 ex
177 1344 267 1404 melle‘
283 1351 393 1404 coctae.
433 1344 477 1404 Ad
502 1345 607 1423 capitis
631 1342 763 1402 dolorem
787 1343 856 1403 lolia
879 1343 956 1404 lauri
978 1344 1024 1403 vel
1047 1343 1134 1405 bacas

122 1432 168 1492 vel
191 1432 295 1494 florem
318 1440 417 1493 terere
441 1440 558 1511 oportet
581 1450 650 1492 cum
674 1439 756 1492 aceto
781 1440 810 1492 et
828 1434 938 1492 irinum
958 1432 1055 1493 oleum
1074 1432 1134 1494 illic

123 1521 287 1582 admiscere
316 1530 404 1600 atque
432 1523 473 1581 ita
496 1529 586 1599 caput
608 1538 756 1599 naresque
779 1536 955 1599 perungere.
999 1521 1082 1588 Facit
1105 1529 1135 1582 et
1149 1537 1175 1578 15

122 1609 207 1670 iridis
234 1610 318 1670 radix
342 1628 410 1669 cum
433 1608 510 1668 malo
534 1609 665 1687 cydoneo
690 1616 774 1669 cocto
799 1628 834 1670 ex
858 1628 932 1688 aqua
955 1613 1067 1689 pariter
1090 1613 1133 1670 in-

70 1703 104 1753 35
123 1700 227 1778 posita.
282 1698 326 1758 Ad
354 1715 472 1757 omnem
501 1699 606 1776 capitis
635 1696 767 1757 dolorem
794 1699 873 1758 inter
900 1699 984 1759 initia
1007 1707 1134 1777 prosunt

123 1805 215 1865 aquae
243 1786 454 1864 refrigerantes
482 1793 512 1846 et
540 1784 689 1864 repellunt
717 1804 798 1867 eum,
825 1785 976 1848 interdum
1004 1788 1133 1849 admixto

122 1892 198 1953 pane
231 1874 277 1935 vel
309 1874 445 1954 polentae
477 1873 586 1954 polline
619 1892 780 1954 consparso
813 1883 905 1935 aceto.
951 1876 1134 1955 Plantaginis

123 1982 241 2044 quoque
265 1983 355 2025 sucus
379 1971 409 2024 et
433 1963 501 2025 rubi
524 1973 575 2025 aut
597 1963 715 2024 lentisci
733 1971 784 2023 aut
804 1962 935 2024 milelolii
954 1973 1005 2025 aut
1023 1965 1133 2025 herbae
1147 1981 1173 2022 ao

121 2053 284 2114 urceolaris
308 2061 359 2114 aut
381 2053 455 2115 rhus
480 2053 593 2132 Syriaci
616 2060 667 2113 aut
690 2054 810 2132 maciae,
834 2071 922 2131 quam
942 2053 1047 2114 Graeci
1066 2072 1131 2113 ana·

122 2142 226 2220 gallida
259 2143 420 2222 appellant,
451 2145 532 2217 item
556 2148 672 2202 mentae
706 2159 796 2201 sucus
824 2141 870 2201 vel
897 2141 1060 2201 intiborum
1087 2140 1132 2200 vel

120 2233 210 2309 myrti
229 2231 275 2290 vel
294 2231 446 2310 staphidos
465 2232 563 2308 agriae
581 2229 698 2290 inlusus
718 2230 808 2307 capiti
825 2228 986 2308 plurimum
1001 2229 1131 2308 prodest.

68 2323 101 2372 36
120 2318 165 2378 Ad
193 2318 324 2379 diutinos
352 2321 457 2399 capitis
481 2318 599 2378 dolores
621 2318 744 2397 prodest
766 2318 899 2379 inlusum
922 2319 1011 2396 capiti
1034 2317 1132 2378 oleum

121 2414 205 2466 vetus
229 2409 384 2486 cyprinum
408 2407 454 2467 vel
476 2408 588 2466 irinum
611 2425 679 2467 cum
703 2407 883 2488 peucedano,
907 2406 1132 2486 sphondylio'et
1146 2431 1172 2472 25

121 2503 263 2556 castoreo.
300 2495 407 2574 lnponi
426 2503 523 2556 autem
543 2497 643 2556 statim
662 2503 780 2574 oportet
798 2495 852 2556 lini
871 2496 992 2556 seminis
1007 2495 1130 2555 farinam

120 2593 150 2644 et
171 2583 353 2644 hordiaciam
376 2586 406 2644 in
430 2601 522 2644 unum
543 2591 657 2644 coctam
676 2603 712 2645 ex
730 2603 832 2666 posca3
852 2584 903 2645 sed
922 2591 1025 2662 postea
1043 2583 1130 2663 prod-

120 2681 165 2732 est
188 2674 351 2751 inpositum
374 2681 509 2733 cerotum
536 2691 572 2732 ex
595 2675 717 2752 cyprino
741 2673 805 2733 oleo
829 2675 939 2735 iactum
963 2691 1032 2734 cum
1055 2682 1129 2733 ruta.

119 2760 193 2821 ltem
220 2761 296 2822 bene
320 2761 390 2822 lacit
413 2769 548 2823 cerotum
572 2780 608 2822 cx
630 2763 707 2822 irino
731 2770 782 2823 aut
806 2762 950 2843 Syriatico
974 2763 1038 2823 oleo
1063 2779 1131 2822 cum

119 2848 235 2932 butyro,
257 2850 415 2911 dummodo
436 2850 574 2912 calefacto
593 2851 788 2912 medicamine
807 2862 896 2931 caput
916 2860 1130 2933 perunguatur.
1145 2876 1171 2916 ao

120 2937 314 3019 Opobalsamo
329 2947 429 3002 autem
442 2959 511 3002 oum
527 2939 656 3020 serpullo
671 2951 701 3002 et
715 2959 782 3001 rosa
796 2939 842 3000 vel
856 2942 1029 3020 peucedano
1043 2941 1130 3021 prod·

65 3031 99 3079 37
119 3038 164 3090 est
183 3031 271 3090 etiam
291 3028 469 3109 lethargicos
488 3031 622 3109 perungi.
659 3028 702 3088 Ad
727 3046 845 3088 omnem
869 3031 975 3107 capitis
999 3030 1131 3090 dolorem

192 3205 205 3252 1
234 3217 285 3269 per
303 3216 418 3255 erasum.
456 3197 611 3253 circumdet
628 3198 713 3253 eraois
731 3215 764 3251 ur
782 3199 886 3252 litteris.
925 3203 1011 3267 uper
1025 3200 1131 3254 fomen-

118 3270 187 3326 tum.
238 3287 312 3338 aqua
331 3270 421 3324 calide
440 3274 455 3323 1
462 3270 488 3323 m
506 3284 531 3324 a.
551 3267 644 3324 calida
661 3271 720 3324 2m.
771 3267 901 3338 4hagni.
953 3268 1131 3324 ohecferve-

118 3341 207 3396 scunt.
245 3339 456 3409 taphongiam.
494 3339 720 3394 Scantantiasin.
759 3344 791 3393 12
806 3355 876 3408 puro
891 3340 971 3394 cocto
1009 3339 1129 3407 asporai.

120 3413 152 3462 19
172 3425 329 3480 consparsa.
365 3415 398 3464 21
419 3408 548 3478 siriaohy.
585 3409 699 3466 meoiae.
736 3415 770 3465 23
789 3409 885 3480 myrti]
902 3408 996 3464 musci.
1035 3414 1068 3464 27
1085 3425 1130 3463 or-

119 3477 242 3535 diatium.
281 3481 432 3537 excoctam.
469 3486 503 3535 29
523 3480 668 3547 syriacino.
706 3487 741 3537 30
760 3499 812 3539 oon
830 3481 938 3536 butero.
