2438 3802
472 110 716 175 -1125-

89 273 197 334 Graeci
225 272 385 351 appellant:
427 272 560 350 Ligustri
588 272 656 332 lolia
684 273 927 335 commanducato
955 277 1104 355 sinitoque

89 363 174 441 egeri
192 363 329 440 pituitam
349 361 437 421 saliva
457 363 616 440 inritatam,
636 379 710 440 quae
730 362 801 422 dum
819 362 913 423 hianti
931 381 983 423 ore
998 363 1103 425 decur-

88 453 139 532 rit,
164 449 248 511 dolor
271 450 396 511 desinet.
429 449 500 509 Sine
524 449 624 510 dolore
649 459 747 510 autem
772 453 823 530 qui
847 453 911 511 cavi
935 460 965 511 et
984 453 1105 513 inutiles

89 548 162 601 sunt
191 538 330 599 decident
353 538 547 598 medicamine
571 537 635 599 tali:
671 538 787 618 Piperis
811 558 902 618 grana
925 558 1049 601 numero
1073 540 1105 621 V,

62 649 76 688 5
89 627 185 708 gallae
204 637 234 688 et
247 627 364 706 galbani
383 635 413 687 et
427 627 563 687 5155551551
578 626 699 706 aequale
713 629 831 708 pondus
845 629 881 689 ad
896 628 1104 708 1515555555ςηὶ-

89 717 227 778 tudinem
245 735 305 776 una
324 717 489 777 contundes
512 726 541 776 et
560 719 693 777 contusis
712 718 770 778 mel
790 717 967 779 admiscebis
987 727 1016 779 et
1035 718 1104 779 sub·

88 808 164 886 iges,
188 805 282 865 donec
305 805 423 884 redigas
447 805 483 865 ad
507 823 593 866 cerae
619 805 837 885 lentitudinem,
860 827 955 887 eoque
978 807 1105 869 medica-

89 901 193 956 mento
218 894 336 954 dentem
360 912 464 954 cavum
488 903 518 955 et
541 893 689 954 dolentem
712 895 849 975 implebis
877 899 930 976 ita,
959 905 993 959 55
1021 900 1105 977 prius

89 1001 162 1044 eum
185 982 278 1043 calida
297 983 405 1063 loreas,
429 985 493 1043 sine
513 982 615 1043 dolore
634 983 758 1044 excidet.
792 986 836 1046 ld
856 986 961 1046 dentes
979 986 1105 1048 mobiles
1123 999 1158 1048 45

49 1091 75 1131 10
90 1082 122 1134 et
146 1070 281 1132 dolentes
305 1080 335 1132 et
354 1073 539 1151 gingivarum
558 1081 706 1132 tumorem
724 1073 890 1134 remedium
910 1077 967 1135 sic:
990 1074 1106 1136 Cornus

90 1162 207 1222 cervini
230 1159 379 1221 combusti
404 1194 442 1203 -—
468 1160 508 1238 11,
536 1160 599 1220 15111
622 1153 707 1246 941,
735 1161 804 1221 55115
827 1164 1002 1222 ammoniaci
1026 1155 1065 1247 2·
1085 1163 1107 1242 1,

89 1252 205 1329 piperis
224 1267 314 1328 grana
333 1249 420 1330 thll,
439 1252 492 1308 iris
511 1249 644 1328 Illyricae
664 1242 809 1335 ,pvllln
834 1269 869 1310 ex
888 1250 935 1310 bis
954 1249 1106 1329 pulverem

89 1340 302 1400 tenuissimum
330 1338 420 1398 iacies
449 1346 479 1398 et
505 1356 540 1398 eo
564 1337 668 1398 dentes
692 1338 813 1398 cottidie
843 1337 1027 1417 perfricabis.
1075 1339 1107 1401 Si

90 1426 218 1488 mobiles
243 1435 332 1487 erunt
356 1435 386 1487 et
405 1426 557 1505 dolebunt,
582 1425 667 1486 facile
686 1426 793 1487 cadent
817 1429 895 1488 etsi
919 1429 983 1487 sine
1003 1427 1105 1488 dolore

48 1537 76 1577 15
91 1516 181 1576 validi
204 1524 286 1594 sunt,
318 1514 573 1575 confirmabuntur
601 1523 631 1576 et
659 1515 845 1576 candidiores
869 1524 899 1577 55
922 1516 1106 1578 odoratiores

91 1613 194 1684 erunt3
219 1604 326 1665 melius
349 1613 448 1665 autem
470 1605 643 1685 proficient,
671 1607 698 1665 si
725 1607 756 1666 in
779 1607 928 1666 iuncturis
951 1613 1002 1666 aut
1030 1605 1106 1665 radi-

91 1693 178 1756 cibus
202 1701 253 1754 555
276 1695 423 1754 cavaturis
448 1712 550 1754 eorum
575 1694 611 1754 de
635 1694 691 1753 hoc
714 1696 779 1772 ipso
803 1695 973 1755 dentifricio
995 1694 1106 1773 aliquid

91 1783 247 1843 resederit.
288 1781 432 1842 Ramenta
460 1801 570 1842 cornus
597 1784 710 1842 cervini
732 1782 779 1843 vel
805 1782 925 1844 scobem
949 1785 1013 1843 eius
1038 1783 1106 1843 lima
1125 1796 1159 1845 43

91 1873 200 1932 factam
224 1889 293 1931 cum
316 1872 383 1930 vino
408 1879 508 1930 vetere
532 1871 568 1931 ad
592 1873 695 1931 tertias
719 1890 814 1949 coque
838 1879 868 1931 55
892 1871 962 1932 inde
983 1872 1106 1933 adsidue

49 1979 77 2019 oo
93 1979 127 2021 os
147 1959 221 2040 5155,
244 1962 319 2019 mire
338 1959 473 2038 proderit
491 1958 676 2019 roborandis.
712 1959 866 2020 Portulaca
887 1960 1009 2020 adsidue
1028 1980 1106 2020 com·
1125 1974 1161 2021 44

91 2049 270 2110 manducata
293 2048 453 2108 stridorem
477 2047 611 2108 dentium
636 2047 721 2107 tollit.
768 2048 935 2108 Africanam
963 2049 1107 2126 slongiam
1125 2061 1160 2110 45

93 2137 219 2198 siccabis
248 2146 278 2197 et
306 2137 371 2198 lana
399 2137 530 2197 involves
560 2144 647 2215 atque
673 2136 742 2196 inde
766 2137 897 2197 radicem
920 2137 1017 2197 dentis
1041 2156 1107 2215 per·

93 2226 225 2304 fricabis,
244 2226 296 2286 sed
317 2245 395 2304 cave,
415 2244 452 2286 ne
472 2225 560 2286 alium
581 2243 635 2304 pro
650 2225 706 2286 alio
721 2235 832 2305 tangas.
864 2225 937 2286 Nam
953 2234 1107 2287 contactus

92 2324 161 2394 post
180 2316 313 2375 triduum
332 2316 430 2393 cadet;
450 2317 476 2375 si
495 2318 573 2376 enim
592 2315 715 2393 putidus
733 2315 825 2376 fuerit
844 2323 874 2375 et
888 2315 1008 2396 dolebit,
1023 2316 1107 2376 facile

50 2422 80 2462 55
95 2403 220 2464 excidet.
263 2403 337 2464 Cum
360 2406 490 2483 primum
514 2404 704 2464 hirundinem
728 2404 851 2485 videris,
879 2405 992 2466 tacebis
1018 2416 1048 2466 et
1071 2405 1107 2465 ad
1127 2419 1160 2468 45

93 2511 200 2571 aquam
224 2493 346 2552 nitidam
371 2493 495 2554 accedes
519 2502 608 2572 atque
626 2493 695 2553 inde
715 2495 746 2554 in
765 2513 798 2555 os
817 2503 903 2555 tuum
923 2497 1035 2575 mittes3
1059 2495 1108 2555 de·

93 2581 164 2641 inde
188 2581 279 2659 digito
304 2581 464 2660 obscoeno,
494 2583 525 2641 id
553 2590 600 2642 est
626 2582 738 2662 medio,
768 2592 827 2642 tam
855 2603 961 2645 manus
987 2584 1107 2644 dextrae

94 2688 184 2749 qnam
208 2672 344 2730 sinistrae
369 2671 472 2730 dentes
496 2670 617 2731 fricabis
636 2680 666 2730 et
685 2671 779 2732 dices:
803 2671 938 2732 Hirundo
957 2671 1013 2732 tibi
1032 2672 1109 2748 dico,

95 2758 244 2837 quomodo
268 2758 324 2818 hoc
348 2761 379 2819 in
403 2767 501 2818 rostro
525 2761 635 2818 iterum
658 2776 718 2817 non
742 2761 812 2836 5515,
841 2761 884 2819 515
907 2759 980 2820 mibi
1004 2760 1109 2820 dentes

52 2867 80 2908 oo
95 2865 156 2908 non
180 2847 299 2907 doleant
322 2857 384 2907 toto
408 2864 494 2906 anno.
531 2845 643 2904 lterum
667 2845 757 2904 alium
780 2865 890 2906 annum
914 2856 945 2906 et
967 2847 1109 2924 deinceps

94 2936 290 3015 sequentibus
311 2934 447 2996 similiter
466 2934 565 3013 iacies,
584 2935 610 2992 si
629 2931 757 2992 volueris
772 2934 898 2994 remedii
915 2933 1004 2994 huius
1025 2943 1109 3012 quot·

93 3027 181 3086 annis
199 3043 319 3085 manere
343 3023 528 3084 beneficium.
566 3020 687 3082 Cocleas
711 3029 858 3081 nostrates
877 3023 1007 3081 minutas
1021 3023 1110 3082 etiam
1128 3037 1161 3086 45

94 3117 199 3174 inanes
228 3112 333 3192 collige
362 3122 391 3173 et
419 3115 450 3172 in
478 3112 621 3172 mortario
651 3127 816 3170 marmoreo
848 3109 1006 3188 diligenter
1037 3118 1110 3193 5555,

168 3276 181 3321 1
207 3266 295 3321 Verba
314 3265 438 3336 Liguslti
456 3263 526 3319 folia
543 3281 628 3335 usqne
645 3265 683 3320 ad
701 3263 781 3318 dolor
800 3262 912 3319 desinet
925 3263 1014 3333 paulo
1031 3265 1111 3331 infra

90 3344 156 3409 post
173 3339 257 3393 cerba
276 3337 334 3390 sine
354 3337 450 3390 doloro
471 3335 581 3391 excidet
599 3336 729 3391 5511555555
747 3341 813 3390 suot
831 3337 862 3390 in
880 3336 977 3392 codice.
1035 3340 1068 3389 14
1087 3335 1111 3390 oi

94 3414 159 3464 ante
183 3409 242 3463 sine
267 3425 317 3463 om.
426 3412 460 3460 20
484 3408 622 3478 porcacla.
731 3411 765 3460 21
790 3405 963 3478 Africanam]
989 3405 1111 3478 aspagis.

95 3486 130 3536 25
150 3478 341 3546 herundincm‚
361 3479 485 3534 1555528.
