2438 3802
95 164 328 242 cheragricique,
347 160 470 222 morbus
490 162 578 221 etiam
597 159 764 222 articularis
783 158 854 218 hinc
873 156 1009 218 accidere
1025 157 1112 220 solet.

95 251 220 322 Quidam
254 253 342 311 etiam
374 251 450 310 fiunt
478 257 622 330 amentes,
656 246 833 328 quibusdam
867 249 956 307 etiam
988 250 1113 325 sanguis

96 357 253 418 erumpere
273 358 289 400 o
308 337 431 400 naribus
451 337 534 399 solet.
563 339 689 416 Oportet
708 354 777 414 ergo
798 337 917 396 occurri
935 343 995 396 tam
1014 337 1112 414 gravi·

61 429 152 490 thus
182 428 266 489 malis
297 429 450 489 curatione
478 426 637 505 praedicta.
688 425 712 484 Α
739 426 837 484 vesica
865 425 918 502 qui
944 432 1112 486 naseuntur

95 516 192 578 morbi
219 517 293 578 baec
321 515 434 576 dabunt
460 517 556 594 signa:
583 515 668 576 Pleni
690 512 872 574 ridebuntur
895 520 925 573 et
948 514 1008 573 cito
1032 520 1112 574 satu·
1138 527 1151 569 o

95 609 165 687 rari,
189 623 263 684 quos
287 604 432 686 gravabit3
461 612 625 683 sequentur
651 603 819 663 inflationes
846 603 959 661 ventris
987 608 1017 661 et
1047 619 1112 663 orc-

96 697 177 773 pitus
197 693 304 772 crebri,
323 692 504 754 videbuntur
518 695 645 753 oscitare
660 710 715 751 nec
730 689 908 771 oscitabunt,
927 689 979 750 sed
994 697 1112 751 tantum

97 801 130 842 os
155 781 310 862 diducent,
333 790 477 860 sequetur
503 783 596 842 totius
627 781 762 859 corporis
790 787 896 857 stupor
928 796 1112 858 somnusque

97 872 195 950 gravis
224 873 310 949 quasi
336 888 467 950 marcor,
495 871 546 930 liet
573 872 660 930 urina
689 868 778 929 livida
807 875 837 928 et
864 869 912 927 vix
940 885 1112 947 erumpens,

97 967 266 1020 tumescent
285 961 372 1020 etiarn
392 965 518 1036 veretra,
535 958 605 1019 inde
625 966 654 1018 et
673 956 815 1018 calculosi
828 957 909 1016 fient.
946 954 1026 1016 Haec
1041 958 1112 1017 vitia
1127 972 1152 1012 ro

98 1050 141 1108 sic
166 1048 374 1109 emendantur:
402 1046 578 1107 Feniculum
602 1047 754 1124 etapium
778 1047 846 1104 vino
870 1052 989 1105 austero
1014 1044 1113 1105 made-

98 1137 186 1198 iaoito
214 1136 260 1196 vel
288 1138 377 1197 etiam
405 1153 506 1196 earum
534 1134 696 1195 herbarum
719 1133 834 1193 radices
863 1141 984 1194 contere
1017 1140 1048 1194 et
1075 1151 1112 1194 ex

98 1227 159 1285 vini
193 1224 306 1304 cyathis
339 1223 456 1285 dnobus
489 1231 519 1284 et
546 1223 722 1284 tantundem
749 1239 842 1301 aquae
870 1221 982 1282 calidae
1010 1223 1112 1301 accipe

99 1312 221 1374 adsidue
245 1313 291 1373 vel
314 1314 402 1375 dauci
425 1331 526 1373 semen
551 1319 581 1372 et
604 1320 733 1392 myrtum
757 1328 793 1370 ex
817 1328 892 1389 aqua
914 1309 1009 1371 calida
1027 1328 1112 1371 sume

99 1401 145 1461 vel
164 1405 244 1461 cicer
262 1401 371 1483 album,
394 1419 455 1461 non
474 1402 633 1461 arietinum
652 1399 850 1461 madefactum
870 1400 946 1478 vino,
969 1406 1004 1458 ut
1020 1417 1112 1478 supra
1126 1413 1152 1455 ro

100 1491 220 1570 scripsi,
248 1488 334 1549 ebibe
362 1488 409 1548 vel
435 1488 567 1548 radicem
590 1491 724 1566 asparagi
747 1487 794 1548 vel
821 1506 925 1548 ervum
953 1489 1114 1548 erraticum

99 1578 145 1638 vel
169 1576 333 1655 serpullum
357 1576 490 1654 decoque
523 1578 648 1655 eiusque
677 1594 782 1654 aquam
805 1578 874 1636 vino
894 1577 1016 1636 mixtam
1035 1575 1113 1638 bibe.

101 1664 182 1735 Quae
206 1666 258 1743 qui
281 1663 452 1744 neglegunt,
475 1664 551 1725 fiunt
568 1664 737 1745 hydropici3
761 1667 898 1743 sequitur
916 1666 954 1724 iis
972 1666 1114 1726 iocineris

100 1762 130 1813 et
150 1755 268 1813 renium
288 1760 318 1814 ct
336 1755 451 1814 vesicae
471 1752 563 1814 dolor.
601 1753 686 1814 Fient
706 1771 825 1833 quoque
844 1752 994 1834 calculosi,
1017 1763 1113 1815 stran-

99 1844 215 1922 guriam
252 1841 317 1903 tubi
354 1841 546 1903 sustinebunt
585 1850 615 1904 et
647 1845 760 1903 ventris
793 1851 949 1902 tumorem.
1000 1841 1114 1903 lntneri
1128 1859 1154 1901 ao

100 1941 199 1992 autem
223 1939 341 2010 oportet
360 1934 441 2011 aegri
460 1934 547 2012 vires,
572 1931 719 2010 quomodo
738 1933 833 2009 possit
853 1932 1001 1991 sustinere
1021 1931 1113 1992 medi-

100 2023 210 2102 cinam,
237 2029 272 2082 ut
299 2023 340 2081 ita
368 2020 446 2081 febri
473 2029 503 2081 et
531 2020 673 2080 cruditati
700 2021 765 2079 eius
793 2018 977 2080 adhibeatur.
1023 2019 1114 2082 Fiunt

100 2127 170 2186 ergo
204 2109 410 2186 cataplasmata
442 2107 693 2188 adhibentnrque,
727 2126 802 2186 quae
830 2115 897 2186 apta
925 2110 985 2168 sint
1013 2111 1113 2190 capiti,

99 2199 205 2276 ventri,
229 2198 353 2276 vesicae,
377 2195 526 2277 cruditati,
550 2197 663 2277 frigori,
686 2195 786 2278 calori,
809 2204 899 2274 prout
924 2204 1040 2276 tempus
1065 2215 1113 2258 ex·

100 2286 203 2362 egerit.
240 2283 290 2344 Uti
313 2292 412 2345 autem
435 2284 470 2344 ad
494 2284 568 2345 baec
591 2291 709 2363 oportet
730 2303 806 2365 rosa,
830 2292 923 2364 aceto,
946 2287 1023 2366 vino,
1047 2286 1112 2346 oleo
1127 2301 1154 2343 ro

99 2374 186 2452 irino,
209 2372 340 2450 linguam
364 2391 483 2452 quoque
507 2376 589 2452 aegri
612 2391 746 2453 asperam
770 2373 856 2434 melle
884 2374 1040 2453 perfricari
1066 2375 1113 2436 vel

99 2468 216 2521 mentae
246 2460 331 2542 lolio,
360 2460 476 2540 reliqua
503 2461 638 2540 diligenti
665 2462 781 2523 medico
809 2463 1008 2542 permittenda
1033 2471 1114 2543 sunt,

61 2565 81 2613 ,ο
101 2551 170 2628 quia
197 2551 279 2610 iuxta
306 2549 426 2610 morbos
454 2549 543 2611 debet
570 2550 713 2612 adhibere
736 2551 921 2613 medicinam.
968 2551 1112 2622 Quoniam

100 2638 218 2698 ostendi
241 2640 375 2717 corporis
399 2641 463 2699 sani
486 2647 516 2700 et
536 2638 668 2700 inbecilli
686 2647 772 2700 notas
791 2658 845 2719 per
864 2643 981 2702 urinam
999 2639 1111 2700 denun-

100 2728 168 2786 tiari
192 2734 222 2787 et
245 2726 340 2787 adieci
367 2729 556 2790 curationum
579 2728 710 2810 consilia,
734 2747 814 2790 nuno
838 2737 868 2790 et
891 2731 1111 2809 conpositiones
1127 2752 1154 2794 eo

99 2815 383 2878 medicamentorum
399 2817 532 2899 adiciam,
548 2837 640 2880 unum
660 2837 698 2878 ne
717 2826 878 2880 nascantur
897 2821 1017 2896 corpori
1035 2821 1114 2899 vitia,

100 2903 226 2967 alterum
249 2913 283 2966 ut
307 2907 472 2968 emendatio
497 2909 653 2968 sanitatem
677 2906 809 2967 reducat.
845 2906 995 2966 Adversus
1014 2916 1114 2968 autem

100 3011 203 3054 omnes
236 2996 357 3073 inpetus
385 2995 558 3056 morborum
586 2995 645 3056 duo
674 3003 744 3056 sunt
771 2994 902 3055 remedia
931 2997 1114 3057 certissima:

100 3084 230 3159 primum
253 3091 307 3164 est,
331 3084 446 3144 decimo
471 3101 589 3162 quoque
613 3083 661 3143 die
685 3091 719 3143 ut
742 3090 770 3143 te
794 3082 943 3144 abstineas
962 3102 979 3144 a
997 3084 1064 3144 cibo
1084 3091 1114 3142 et

172 3287 393 3365 ¹loheragrique
491 3287 613 3344 morbos.
713 3289 780 3360 3e]
804 3305 829 3344 a.
925 3286 1111 3344 ssdeducent.

173 3357 234 3412 rtur.
283 3363 315 3412 13
335 3358 432 3427 cyatis.
478 3363 511 3414 19
531 3359 696 3430 stranguria.
743 3363 778 3413 at
796 3358 895 3429 prima.
941 3361 973 3415 ut
986 3357 1028 3427 te]
1044 3356 1122 3411 uite(
