2438 3802
482 163 725 227 -291-

187 325 245 387 Lac
269 343 434 406 caprunum
457 344 492 385 ex
516 324 639 405 coagulo
662 325 843 406 temperabis
866 334 897 386 31
920 326 990 387 dum
1016 333 1105 407 tepet,
1113 336 1163 386 135

98 423 256 495 antequam
269 415 390 494 penitus
404 415 635 496 constringatur,
649 414 830 495 dysinterico
840 413 1003 475 bibendum
1013 413 1110 495 dabis,

98 506 157 565 cito
180 501 403 564 remediabitur.

187 590 361 652 Remedium
384 589 420 651 ad
439 592 599 653 tortiones:
622 589 781 653 Fasianum
801 592 901 653 rivum
919 592 950 651 in
969 592 1036 651 vino
1055 602 1163 652 netas

70 680 179 742 scabis
202 678 346 759 dabisque
370 697 406 739 ex
429 696 464 739 eo
483 679 552 740 vino
570 678 673 741 bibere
692 681 730 762 ei,
748 680 801 760 qui
819 682 932 760 patitur
949 672 1109 759 tortiones,

98 768 256 831 confestim
278 765 501 829 remediabitur.

187 855 338 917 Confectio
363 855 510 935 cydonitis
538 855 573 916 ad
597 855 794 936 dysintericos
817 865 849 917 et
871 856 1023 918 cardiaces
1047 857 1162 917 sic:137

98 945 202 1007 Oleum
229 945 261 1005 in
288 962 357 1005 3333
384 942 497 1023 duplici
520 962 645 1025 coques,
672 945 751 1024 quod
775 945 846 1006 dum
869 948 900 1006 in
924 945 986 1024 igni
1009 951 1056 1005 est
1079 951 1110 1005 et

96 1035 199 1115 servet,
222 1034 357 1112 operitur
375 1031 432 1093 alio
451 1050 529 1114 vase,
551 1033 583 1094 in
602 1052 661 1112 quo
680 1033 812 1113 cydonea
830 1033 924 1094 divisa
941 1041 1110 1113 ponuntur3

57 1139 83 1180 1o
97 1121 195 1183 oleum
214 1130 274 1183 tam
293 1120 343 1182 diu
363 1119 471 1182 calebit
488 1122 557 1200 igne
576 1120 719 1203 subiecto,
739 1122 881 1201 quamdiu
899 1140 987 1200 poma
1005 1138 1109 1200 super-

95 1212 191 1290 posita
225 1218 442 1291 excoquantur,
475 1218 540 1271 tum
567 1208 665 1271 oleum
694 1210 789 1272 solum
818 1209 998 1288 servabitur,
1030 1207 1110 1288 quod

97 1298 296 1378 supradictis
319 1298 446 1359 infirmis
464 1298 501 1360 ad
523 1301 752 1378 perunctionem
776 1306 807 1359 et
829 1316 928 1360 escam
947 1296 1020 1358 utile
1039 1298 1110 1377 erit3

97 1388 227 1467 cydonea
255 1405 374 1467 quoque
401 1388 466 1466 ipsa
489 1389 555 1449 esui
578 1386 687 1448 dentur
710 1387 830 1467 cyliacis
854 1405 888 1448 ac
911 1385 1109 1465 dysintericis.

185 1475 309 1536 lniectio
336 1475 373 1536 ad
400 1475 607 1555 dysinteriam:
633 1475 733 1537 Amuli
759 1474 858 1536 -111
887 1482 918 1536 et
945 1473 1030 1534 lactis
1058 1486 1162 1536 ca·138

57 1580 83 1621 15
96 1567 186 1645 pruni
214 1566 292 1624 cocti
319 1581 374 1643 pro
402 1563 491 1624 modo
518 1571 663 1643 quantum
690 1567 786 1626 risum
818 1564 910 1625 fuerit
936 1562 1046 1623 adicies
1079 1570 1110 1622 et

96 1655 136 1714 ita
167 1655 357 1713 iniectionem
385 1652 485 1714 iacies.
531 1651 600 1713 Sevi
629 1653 738 1714 hircini
769 1685 809 1697 -
838 1651 879 1731 ll,
911 1650 969 1712 olei
1000 1650 1161 1714 viridislss

97 1743 259 1802 sextarium
287 1740 457 1821 dimidium,
484 1739 557 1802 hacc
585 1740 674 1802 simul
701 1743 732 1802 in
758 1740 869 1822 duplici
892 1758 961 1802 vaso
984 1740 1110 1800 remissa

98 1838 128 1889 et
151 1827 289 1889 calefacta
312 1830 425 1890 inicies.

187 1916 418 1995 Epitbematium
450 1917 487 1979 ad
514 1925 648 1979 ventrem
667 1916 887 1998 'stringendum
920 1919 976 1978 sic:
999 1910 1163 1998 [Florislto

57 2020 84 2060 3ο
98 2023 222 2066 uvarum
242 2003 334 2086 -11,
357 2022 442 2065 rosae
462 2006 559 2067 siccae
580 2039 617 2050 —
634 2005 656 2089 l,
678 2008 811 2068 masticis
831 2039 869 2051 -
886 2005 908 2088 l,
931 2003 1011 2066 aloes
1032 2036 1070 2049 -
1087 2002 1109 2085 l,

97 2092 189 2171 gallae
221 2125 259 2138 -
284 2091 310 2172 l,
338 2091 476 2154 aluminis
503 2094 607 2156 schisti
637 2126 675 2139 -
702 2094 729 2172 l,
759 2097 874 2157 acaciae
906 2127 943 2137 -
968 2092 995 2175 l,
1023 2110 1109 2153 cerae

96 2181 127 2242 P.
142 2181 164 2263 l,
187 2183 310 2261 myrtini
329 2180 387 2242 olei
403 2180 435 2242 P.
450 2180 472 2263 l,
494 2185 570 2263 picis
587 2216 632 2227 —
646 2183 695 2246 lll.
727 2183 769 2245 lle
787 2184 835 2244 his
854 2181 992 2244 omnibus
1011 2182 1109 2241 tunsis

96 2269 236 2332 cribratis
263 2278 352 2351 atque
379 2272 535 2351 permixtis
557 2271 701 2351 magdalia
724 2273 828 2352 iacies,
857 2272 986 2352 quaein
1011 2287 1108 2348 panno

96 2359 188 2420 denso
212 2367 263 2421 aut
286 2360 443 2440 phoenicio
466 2359 600 2439 induces,
623 2369 653 2421 et
675 2363 719 2422 sic
743 2361 837 2421 uteris
860 2360 898 2421 ad
920 2365 1064 2420 ventrem.

56 2462 82 2502 33
185 2447 259 2509 ltem
287 2447 367 2510 aliud
395 2447 619 2528 epithematium
642 2447 679 2509 ad
705 2457 838 2510 ventrem
862 2446 1104 2526 restringendum
1112 2457 1161 2508 141

97 2538 152 2598 sic:
190 2535 307 2598 Florem
335 2555 409 2598 uvae
437 2537 599 2617 omlacum,
626 2554 712 2598 rosae
739 2537 857 2620 llorem,
885 2536 982 2615 aloen,
1010 2534 1109 2617 gallae,

96 2624 214 2686 alumen
233 2626 387 2705 schistam,
409 2627 548 2705 acaciam,
570 2624 640 2686 mali
658 2627 773 2704 granati
789 2624 903 2704 florem,
922 2624 1109 2704 balaustium,

97 2715 249 2774 masticem
277 2715 380 2792 aequis
407 2712 590 2792 ponderibus
617 2721 698 2775 teres
726 2722 757 2775 et
783 2716 845 2774 3131
872 2715 994 2793 myrtini
1017 2729 1108 2792 quan·

96 2808 160 2860 tum
179 2801 215 2860 ad
231 2800 472 2880 coniungendum
485 2799 639 2880 pulverem
654 2803 783 2864 sulliciat
796 2801 987 2881 admiscebis;
1005 2800 1107 2861 dactu-

57 2902 83 2941 3ο
96 2886 193 2948 lorum
216 2906 335 2966 quoque
358 2906 464 2950 carnes
487 2896 627 2968 purgatas
652 2897 683 2952 31
704 2892 773 2951 vino
796 2891 909 2952 infusas
933 2887 1054 2967 subiges
1077 2896 1108 2948 et

96 2983 230 3036 cerotum
248 2977 411 3056 myrtinum
429 2976 520 3038 133133
538 2995 573 3038 33
592 2979 636 3039 313
654 2979 751 3039 omnia
770 2976 965 3058 permiscebis
984 2983 1015 3036 31
1028 2991 1107 3052 mag-

97 3062 173 3124 dalis
197 3064 296 3146 iacies,
319 3063 429 3144 quibus
452 3067 492 3127 ita
516 3067 620 3146 uteris,
643 3075 677 3127 ut
700 3085 790 3147 supra
814 3068 958 3144 scriptum
982 3072 1035 3124 est.

186 3269 377 3342 7333113333]
396 3269 535 3326 coeliacos
555 3270 714 3328 0331333133.
801 3271 914 3342 evaso]
935 3285 994 3324 333.
1079 3269 1108 3323 et

95 3339 340 3423 133331]31133331.
396 3347 428 3396 13
447 3342 529 3398 essui.
586 3348 619 3398 17
636 3359 694 3398 333.
747 3347 780 3397 21
801 3341 887 3397 scisti.
938 3346 972 3395 22
993 3337 1106 3392 mittini.

95 3415 130 3465 24
149 3411 248 3466 fimtro.
316 3411 492 3471 crocinum.
559 3413 729 3470 seminini.
798 3418 831 3468 32
850 3412 947 3467 facias.

919 3602 981 3656 lb*
