2438 3802
520 164 744 228 -46..

125 336 155 388 et
183 326 316 406 adposita
344 325 489 388 medetur.
530 325 611 386 Idem
638 334 770 404 praestat
793 327 887 387 iarina
910 327 1006 406 lupini
1028 331 1141 391 incocti

71 421 105 478 63
125 425 155 476 66
182 417 246 476 6166
275 417 386 476 cortice
410 416 545 493 inspersa
568 433 637 475 oum
660 417 737 475 vino.
783 415 826 475 hd
850 419 1018 496 porrigines
1042 417 1139 478 deter-

124 504 234 583 gendas
254 511 338 564 rutae
358 503 533 563 fasciculum
552 510 582 562 et
601 502 727 582 sulphur
746 506 844 564 vivum
863 523 931 565 cnm
950 507 1018 565 vino
1038 516 1138 567 vetere

124 592 212 653 simul
237 593 369 671 decoque
393 599 424 652 et
447 599 536 671 66666
559 609 595 651 ex
620 610 655 651 eo
679 594 710 651 in
733 592 838 653 balneo
857 592 928 672 lava,
952 601 1020 654 ante
1040 602 1139 655 tamen

71 693 105 744 64
125 700 199 761 aqua
223 681 331 761 tepida,
355 682 433 740 sicut
456 687 502 740 est
524 681 759 761 consuetudinis,
783 681 858 742 elue.
897 682 942 741 Ad
966 683 1088 761 papulas
1107 687 1166 745 ins

124 773 220 848 capite
244 771 472 830 effervescentes
495 768 542 829 vel
564 767 695 846 qualibet
717 776 801 848 parte
828 771 972 850 corporis,
996 773 1139 832 etiamad

124 860 223 936 ignem
247 876 364 917 sacrum
388 856 463 917 hena
488 856 637 918 fecithoc
662 857 924 919 medicamentum:
952 858 1046 920 116666
1072 863 1138 920 riri-

124 947 170 1007 dis
188 945 219 1006 P.
239 945 274 1026 ll,
293 963 415 1025 spumae
435 947 549 1025 argenti
567 944 599 1007 Ρ.
613 945 626 1005 l
641 945 670 1026 S,
690 948 765 1006 aceti
784 943 816 1006 8
831 945 852 1028 l,
872 947 930 1007 olei
949 948 1051 1008 viridis
1071 946 1102 1007 86
1117 948 1138 1008 l.

125 1034 198 1096 Cum
222 1037 298 1095 aceti
318 1042 403 1113 parte
423 1053 527 1114 spuma
546 1042 576 1095 et
594 1041 662 1094 ruta
682 1041 828 1115 teruntur,
852 1035 946 1095 donec
965 1035 1039 1096 leria
1058 1037 1137 1096 fiant.

123 1123 229 1184 Postea
253 1123 331 1202 qrrod
356 1130 494 1202 superest
516 1125 593 1184 aceti
616 1123 747 1183 vicissim
771 1141 840 1184 cum
859 1122 923 1183 oleo
943 1124 1070 1184 adicitur
1091 1123 1135 1183 vel
1150 1142 1175 1181 ao

124 1212 351 1291 superfunditur
374 1211 576 1291 medicamini,
600 1211 671 1271 dum
694 1213 816 1293 teritur,
840 1220 870 1272 et
893 1231 960 1272 eum
984 1211 1060 1272 hene
1084 1213 1138 1272 tri·

125 1311 188 1361 tum
213 1308 243 1361 et
265 1303 445 1379 permixtum
469 1301 568 1380 luerit,
592 1309 656 1360 tum
677 1301 831 1379 inponitur
854 1300 927 1360 locis
952 1303 1137 1361 necessariis.

71 1401 105 1452 66
124 1390 167 1449 Ad
196 1389 381 1468 pedunculos
408 1389 557 1450 necandos
585 1388 641 1450 hoo
669 1388 864 1449 medicamine
887 1392 994 1450 uteris:
1032 1389 1138 1449 Oleum

125 1497 193 1538 cum
222 1478 342 1557 pulvere
371 1479 481 1538 cineris
510 1477 670 1538 euiushbet
697 1478 733 1538 de
763 1479 842 1557 ioco,
871 1477 923 1538 sed
951 1477 1027 1538 hene
1054 1481 1137 1558 oreti,

122 1569 235 1645 pariter
249 1565 388 1627 miscebis
408 1575 438 1626 et
456 1568 495 1625 ita
515 1573 604 1644 teres,
623 1573 656 1626 ut
676 1568 715 1627 sit
734 1567 768 1626 ad
789 1566 1013 1646 spissitudinem
1031 1567 1136 1647 mellis,
1151 1585 1175 1626 15

70 1667 103 1717 66
123 1664 211 1733 atque
234 1655 304 1714 inde
328 1672 396 1713 6666
420 1671 495 1731 6666
518 1653 618 1734 luerit,
642 1662 731 1732 eaput
757 1673 844 1733 6636.
884 1655 929 1714 Ad
952 1655 1136 1733 pedunculos

122 1745 153 1802 in
181 1745 263 1803 omni
290 1750 374 1820 parte
402 1744 537 1821 eorporis
569 1741 718 1802 necandos
751 1744 855 1804 efficax
884 1743 941 1803 hoe
971 1744 1135 1804 remedium

123 1841 181 1891 est:
218 1829 350 1890 Ellebori
372 1830 481 1890 radicis
505 1832 605 1912 uncia,
634 1831 786 1910 staphidos
810 1834 907 1911 agriae
931 1834 1019 1892 uncia
1048 1831 1136 1893 simul

122 1922 192 1980 trita
219 1919 394 1998 adiectoque
423 1918 486 1980 oleo
516 1927 611 1980 totum
641 1922 1136 2000 6666666666636166,66166616

68 2020 101 2070 66
122 2010 232 2069 6661616
256 2007 451 2069 necabuntur.
492 2008 571 2069 Nitri
593 2008 783 2069 Alexandrini
808 2018 839 2070 66
862 2009 1013 2088 staphidos
1037 2011 1135 2087 agriae
1150 2028 1175 2068 ao

122 2098 244 2177 aequale
268 2097 398 2178 pondus,
426 2097 590 2176 aphronitri
618 2116 736 2176 quoqne
764 2096 892 2176 aliquam
914 2100 1082 2176 portionem
1106 2105 1136 2157 et

122 2187 275 2266 sulphuris
303 2188 361 2246 vivi
388 2186 563 2264 particulam
592 2185 679 2245 simul
707 2189 795 2247 terito
824 2205 857 2247 ao
885 2186 999 2246 decimo
1028 2185 1075 2244 die
1102 2187 1134 2244 in

68 2287 102 2335 68
122 2275 227 2335 balneo
251 2275 498 2352 corpus'lricato:
522 2292 625 2334 omnes
648 2274 833 2352 pedunculos
852 2273 981 2335 necabis.
1019 2273 1134 2353 Serum,

121 2363 150 2422 id
179 2371 225 2422 est
252 2380 357 2440 aquam
386 2362 484 2440 166616,
513 2379 588 2440 quae
616 2370 750 2422 remanet
778 2364 855 2424 facto
885 2381 985 2443 caseo,
1014 2364 1040 2423 si
1067 2364 1134 2440 quis

122 2450 237 2510 adiecto
261 2458 344 2509 aceto
368 2451 399 2509 in
422 2453 543 2528 potione
566 2450 744 2528 aliquotiens
768 2454 942 2532 sumpserit,
966 2454 1005 2512 ita
1029 2451 1134 2511 libera·
1148 2469 1174 2510 aa

121 2546 171 2598 tur
195 2557 211 2598 a
234 2537 420 2618 pedunculis,
445 2546 478 2598 ut
500 2540 620 2618 penitus
644 2541 830 2618 extirpentur
850 2559 905 2600 666
924 2547 1028 2619 666666
1047 2543 1077 2599 16
1098 2558 1134 2599 66

68 2640 101 2690 66
121 2636 325 2686 renascantur.
374 2626 493 2687 Cervini
522 2645 632 2687 cornus
662 2627 767 2688 scobes
795 2628 911 2690 limatae
944 2637 974 2688 66
1001 2647 1036 2687 ex
1066 2629 1133 2686 vino

120 2717 204 2794 potui
222 2715 307 2775 datae
321 2714 506 2792 pedunculos
520 2717 552 2775 in
566 2718 661 2795 capite
676 2715 838 2796 lendesque
853 2719 933 2777 nasci
949 2734 1007 2775 non
1023 2717 1132 2776 sinunt.

560 2909 638 2972 CAP.
663 2909 694 2972 V.

118 3025 172 3079 Ad
200 3022 318 3094 eapitis
345 3027 501 3080 reumata
528 3027 563 3080 66
590 3023 827 3092 purgationem
854 3025 890 3078 et
916 3024 962 3078 ad
989 3023 1132 3092 pituitae

191 3116 226 3168 66
252 3112 457 3182 phlegmatis
485 3111 726 3167 deductionem
753 3113 788 3166 et
815 3110 1064 3167 restrictionem

560 3199 692 3256 eatami.

85 3348 98 3394 1
207 3337 251 3397 Ad
275 3354 387 3415 reuma,
411 3335 490 3414 quod
514 3335 550 3395 de
575 3337 672 3415 eapite
696 3335 858 3418 descendit,
881 3331 1131 3396 medicamentum

118 3424 209 3484 iacies
232 3423 303 3484 tale:
336 3423 416 3483 Nitri
442 3421 543 3504 -Vl,
566 3424 700 3504 pyrethri
726 3457 764 3467 -
785 3423 798 3484 1
818 3423 847 3499 S,
871 3424 1007 3503 capparis
1036 3453 1071 3462 -
1094 3420 1129 3501 ll,
1143 3439 1171 3478 ao

119 3511 242 3572 struthii
268 3542 305 3554 -
328 3510 362 3571 ll.
402 3509 482 3572 Haec
505 3513 604 3572 omnia
626 3520 715 3574 tunsa
738 3520 768 3573 et
790 3515 821 3575 in
842 3511 996 3592 pulverem
1019 3510 1131 3570 tenuis-
