2438 3802
499 141 717 204 ...24-

89 304 235 384 ¹quidam,
259 322 328 364 cum
351 303 507 364 oculorum
530 302 746 363 lacrimantium
770 309 904 362 reumate
929 320 1031 363 carere
1055 321 1115 364 non

101 400 217 473 posset,
246 392 410 471 productus
439 399 485 452 est
515 393 546 451 in
578 391 707 452 medium
742 397 920 452 conventum
953 391 1114 452 multorum

102 483 300 560 spectantium
320 481 511 541 medicorum.
546 479 690 550 Quicum
709 481 861 558 inspectus
881 479 917 540 ab
935 480 982 540 his
1001 481 1116 561 fuisset,

102 570 243 630 dixerunt
271 571 299 630 ei
321 568 477 649 palpebras
500 568 592 628 incidi
619 568 740 649 debere,
769 568 904 629 comburi
932 571 1021 629 etiam
1045 572 1115 629 emi-

102 661 236 720 cranium
261 666 290 718 ct
313 676 380 719 raso
404 659 499 736 capite
523 675 612 718 venas
636 659 739 737 secari,
764 657 843 737 quod
865 657 970 718 Graeci
992 660 1144 718 artorio-s

101 749 213 808 tomein
233 747 349 829 dicunt,
368 748 472 824 inponi
491 747 578 806 etiam
598 746 750 827 escharas,
770 754 799 806 et
818 764 887 806 curn
905 749 963 806 iam
978 746 1116 807 omnibus

101 835 175 896 locis
203 835 390 911 debilitatum
418 842 448 896 et
476 836 672 896 cauteriatum
703 843 792 914 caput
824 835 948 895 haberet
982 834 1116 915 nihilque

103 926 130 985 ei
154 932 310 1006 tormenta,
332 941 406 1004 qrrae
426 923 574 984 desiderio
594 926 727 984 sanitatis
745 925 892 1002 patienter
911 923 1029 1004 tulerat,
1047 942 1115 1002 pro·

102 1013 238 1092 luissent,
262 1012 389 1074 deflebat
412 1011 549 1072 omnibus
573 1011 776 1073 infelicitatem
800 1031 892 1073 suam.
924 1011 959 1073 ln
978 1012 1115 1073 ultimum

101 1101 175 1162 haec
194 1101 231 1162 ab
251 1103 378 1181 egregiis
397 1100 521 1161 medicis
536 1103 654 1161 inventa
669 1103 783 1161 curatio
799 1110 853 1182 est,
872 1108 905 1161 ut
924 1120 993 1162 cum
1012 1101 1116 1162 dexter
1131 1117 1157 1156 1o

103 1190 207 1251 oculus
234 1190 385 1251 lacrimam
412 1189 563 1272 tunderet,
590 1207 662 1250 vena
691 1191 719 1249 ei
747 1189 845 1250 dextri
867 1189 981 1250 brachii
1004 1190 1116 1251 laxare·

102 1286 166 1340 tur:
186 1297 254 1340 oum
273 1281 402 1360 sinister,
423 1278 559 1339 similiter
578 1281 610 1338 in
624 1280 746 1338 sinistro
761 1277 883 1338 brachio
898 1279 991 1339 ficret.
1030 1278 1116 1349 Quod

103 1386 171 1428 cum
195 1370 256 1447 pati
280 1370 427 1446 coepisset
450 1368 596 1448 infirmus,
619 1367 694 1428 flens
716 1374 746 1428 et
764 1385 886 1445 gemens
905 1367 977 1428 illud
997 1367 1117 1427 Catonis
1147 1432 1152 1440 ,

104 1474 191 1535 saepe
216 1456 345 1518 dicebat:
383 1456 522 1536 Corporis
545 1455 688 1516 auxilium
710 1456 826 1516 medico
852 1458 1003 1516 committe
1027 1455 1116 1516 fidoli.

67 1554 84 1603 9
103 1543 166 1624 Ego
195 1553 292 1606 autem
317 1546 397 1606 dico:
425 1553 455 1606 et
477 1547 582 1622 perito.
619 1544 727 1605 Restiti
749 1547 841 1623 igitur
864 1544 910 1604 his
933 1563 989 1605 nec
1013 1563 1116 1605 venam
1132 1559 1159 1600 1s

103 1633 195 1693 laxari
217 1635 341 1712 permisi
364 1651 529 1712 magnoque
554 1632 671 1693 silentio
695 1633 772 1694 lacto
792 1642 929 1694 auctores
948 1641 1066 1694 nostros
1085 1635 1117 1693 in

103 1721 235 1782 medium
257 1720 370 1800 protuli
393 1740 427 1781 ac
450 1722 574 1782 recitavi
597 1721 716 1800 dixique
740 1722 777 1782 ad
802 1740 866 1783 eos:
904 1721 936 1781 Si
959 1740 995 1781 ex
1019 1721 1117 1782 multi-

104 1809 178 1868 fario
202 1817 418 1870 tormentorum
447 1828 556 1889 genere
584 1810 771 1870 miserandus
795 1812 852 1871 iste
876 1809 921 1870 rel
944 1829 1032 1870 unam
1056 1829 1116 1871 mc-

103 1896 209 1958 dellam
233 1898 339 1960 luisset
358 1898 493 1980 adeptus,
517 1900 623 1960 merito
648 1917 699 1959 vos
717 1905 884 1980 pateretur,
907 1899 959 1959 sed
979 1917 1048 1959 cum
1066 1917 1117 1959 ne·

104 2004 162 2066 que
185 1988 320 2048 inunctio
344 2007 441 2067 neque
466 1990 571 2050 incisio
596 2006 693 2068 neque
717 1987 874 2048 conbustio
893 1988 1117 2048 inundationem
1132 2003 1159 2043 so

103 2075 291 2138 lacrimarum
319 2079 483 2158 reprimere
511 2079 655 2159 potuerit,
683 2095 738 2137 cur
765 2077 884 2137 indocte
913 2095 1000 2137 venas
1025 2079 1052 2135 ei
1077 2076 1117 2136 la-

103 2167 167 2226 xari
190 2169 393 2245 praecepistis,
417 2186 486 2228 oum
507 2167 556 2226 hio
579 2168 637 2226 iam
660 2167 842 2226 semianimis
861 2166 1003 2225 visionem
1022 2166 1117 2244 ipsam

104 2255 177 2313 ferri
197 2252 428 2332 perhorrescat?
464 2255 547 2316 Unde
571 2253 686 2314 reddite
710 2253 794 2329 mihi,
818 2255 1030 2333 sapientissimi
1052 2255 1118 2335 viri,

103 2340 265 2402 hodiernae
290 2361 393 2403 causas
417 2345 589 2425 curationis,
613 2361 667 2403 cnr
691 2342 782 2403 fuerit
802 2342 932 2422 desuper
951 2342 1054 2404 oculus
1073 2345 1117 2402 in-

104 2431 199 2509 cisus,
232 2449 286 2490 cur
317 2449 418 2490 rasum
450 2439 552 2511 caput,
585 2449 640 2492 cur
667 2430 799 2492 meacula
829 2438 934 2492 exusta
966 2450 1117 2492 venarum.
1132 2445 1158 2485 2⁵

104 2516 218 2577 Meatus
247 2521 325 2578 enim
353 2520 491 2598 inrigatio
520 2521 545 2580 si
573 2521 689 2580 venerit
716 2519 752 2580 ad
781 2539 817 2581 ee
842 2519 920 2600 loca,
948 2521 979 2579 in
1008 2519 1117 2598 quihus

104 2604 233 2666 habehat
256 2607 477 2685 receptaculum
497 2607 681 2669 collectionis
701 2627 780 2689 suae,
800 2627 858 2688 quo
878 2611 991 2687 impetn
1011 2607 1117 2667 exinde

105 2694 303 2756 descendebat
322 2696 475 2777 deorsum,
501 2715 661 2758 recurrens
684 2715 790 2757 rursus
810 2697 846 2758 ad
865 2697 975 2757 iontem
1000 2694 1117 2756 cerebri

103 2782 205 2862 ibique
230 2792 453 2864 coangustatus,
478 2803 546 2847 cnm
570 2786 684 2846 fervere
706 2788 852 2866 coeperit,
877 2784 1039 2847 verendum
1063 2791 1117 2865 est,

104 2890 142 2932 ne
165 2873 320 2951 perforans
345 2881 444 2935 cutem
467 2893 501 2936 ac
523 2874 706 2953 pertundens
730 2883 842 2936 cratem
866 2876 970 2954 capitis
994 2881 1118 2954 generet
1131 2887 1158 2928 oo

175 3085 192 3132 4
211 3081 403 3151 emigranium.
455 3089 470 3136 b
490 3081 701 3137 arteriobomein
718 3081 888 3149 Stephanos:
907 3079 1117 3135 arteriotomon.

105 3157 225 3205 deseca.
286 3152 426 3223 omnibus]
446 3153 580 3208 aeonibus
650 3151 927 3207 lcauteritum1m.
984 3157 1016 3204 11
1037 3151 1119 3206 lacri-

104 3239 189 3277 mum.
264 3228 296 3276 14
316 3222 453 3277 auxilium
471 3223 641 3293 Stephanos:
659 3222 768 3293 exigua.
839 3226 872 3276 18
890 3222 1042 3277 medellam
1061 3229 1119 3289 im,

103 3309 179 3347 none
197 3293 313 3347 alterum
331 3293 342 3346 l
360 3310 476 3348 nasum.
564 3300 596 3348 19
615 3310 705 3363 neque
723 3292 887 3350 inunctione
907 3310 938 3362 q;
958 3293 1056 3362 (delet.)
1076 3293 1117 3346 in·

103 3361 242 3430 cisioneq3
271 3363 426 3418 conbustio.
516 3369 550 3418 22
579 3364 714 3420 visionem
741 3369 790 3418 Im
816 3363 981 3420 incisionem
1009 3368 1062 3417 2m
1086 3363 1118 3415 in

103 3448 212 3487 rasura.
343 3439 377 3487 23
406 3434 626 3503 perhorrescent.
758 3440 791 3489 28
819 3452 928 3491 rursum
958 3433 1117 3489 Oornorius.

104 3505 138 3556 29
158 3504 383 3570 conengnststus.
466 3510 500 3560 30
519 3521 629 3576 genere.
