2438 3802
502 133 746 199 -322-

67 315 103 364 38
211 299 326 360 Dantur
348 297 424 359 hene
448 297 484 357 ad
508 296 680 357 solvendum
705 304 837 357 ventrem
860 296 1000 374 potiones
1021 294 1074 355 vel
1094 314 1147 374 po-

121 389 201 450 lenta
220 406 288 449 cum
307 405 395 467 aqua,
418 387 451 446 in
474 404 530 464 qua
550 387 679 445 satureia
704 392 755 445 aut
774 383 904 463 puleium
924 390 977 443 aut
1001 383 1148 462 thymum

122 486 174 539 aut
200 476 293 537 herba
321 472 506 536 Mercurialis
533 476 650 534 incocta
677 473 782 554 fuerit3
809 471 860 533 sed
889 480 919 532 et
941 470 1019 532 haec
1044 474 1091 532 ita
1115 475 1147 533 in

121 566 219 628 tribus
247 565 384 625 sextariis
412 579 505 641 aquae
534 562 756 641 decoquuntur,
786 561 880 622 donec
907 558 943 620 ad
972 563 1148 621 sextarium

121 654 319 733 perducatur,
351 651 387 711 ad
419 649 601 710 inflationem
631 668 700 711 vero
733 649 877 710 stomachi
909 647 1079 708 saliuncam
1116 651 1172 709 ins

123 760 198 819 aqua
227 740 353 818 decoqui
380 747 498 816 oportet
526 746 556 798 et
579 741 718 817 exiguum
737 745 859 805 acetum
882 736 958 797 adici
982 745 1080 816 atque
1106 740 1148 799 ita

122 830 207 908 potui
230 827 303 887 dari.

69 932 104 980 39
213 915 364 994 Hyscpum
387 917 485 975 ventri
509 914 655 975 movendo
678 915 882 975 vehementius
906 920 951 972 est
974 930 1069 990 quam
1096 914 1148 974 ah-

124 1002 281 1083 sinthium,
315 1003 403 1064 datur
436 1013 534 1064 autem
567 1002 704 1064 similiter
731 1003 886 1063 decoctum
914 1009 1003 1079 atquc
1035 1002 1148 1063 eadem

123 1111 277 1174 mensura3
306 1092 428 1171 prodest
455 1094 543 1152 etiam
570 1091 631 1172 his,
659 1091 768 1170 quihus
795 1093 827 1150 in
854 1097 975 1169 pectore
1004 1088 1148 1168 liquores
1161 1106 1181 1147 tc

124 1181 267 1259 glutinosi
290 1181 472 1262 subsistunt,
501 1182 553 1258 qui
578 1187 608 1240 et
631 1179 763 1258 spirandi
786 1179 990 1239 difficultatem
1015 1187 1047 1238 et
1074 1182 1148 1240 stri·

125 1271 228 1330 dorem
249 1269 393 1330 stomachi
412 1270 538 1350 faciunt,
561 1271 632 1328 item
652 1267 699 1327 his
717 1267 847 1348 prodest,
870 1269 921 1346 qui
939 1268 971 1326 in
989 1273 1055 1327 toto
1078 1287 1149 1329 ccr-

123 1376 197 1438 pore
220 1356 359 1418 videntur
381 1359 513 1436 liquores
537 1363 693 1417 concretos
716 1355 834 1416 habere.

71 1459 107 1509 40
216 1445 313 1506 Alium
329 1464 396 1506 cum
410 1445 520 1505 herbae
534 1444 719 1505 Mercurialis
733 1442 811 1505 loliis
826 1451 876 1503 aut
891 1444 1004 1503 semine
1020 1451 1149 1505 coctum

124 1533 171 1594 vel
193 1552 262 1594 cum
285 1541 352 1594 ruta
376 1541 406 1594 et
428 1532 576 1593 absinthio
601 1541 719 1594 coctum
746 1535 838 1610 magis
866 1538 965 1592 movet
992 1541 1185 1612 ventrem,1a

124 1623 256 1699 liquores
290 1629 389 1682 autem
422 1639 525 1682 omnes
558 1621 682 1682 adiectis
715 1621 829 1682 duabus
858 1618 999 1680 radiculis
1028 1624 1149 1682 veratri

124 1712 203 1789 nigri
221 1713 310 1771 etiam
328 1711 359 1770 in
378 1709 455 1770 iehri
473 1709 574 1770 datum
594 1709 715 1771 deducit
732 1728 786 1789 per
805 1717 938 1770 ventrem
956 1707 1002 1768 vel
1017 1726 1148 1770 sursum

124 1817 229 1858 versus
252 1816 306 1876 per
330 1801 471 1859 vomitum
494 1805 609 1876 purgat.

70 1900 105 1949 41
215 1885 399 1970 Emhamma,
424 1905 482 1967 quc
505 1895 609 1948 venter
632 1886 764 1967 solvitur,
788 1888 844 1946 sic:
876 1885 1050 1945 Scamoniae
1075 1886 1103 1945 X
1124 1888 1148 1969 l,

125 1974 284 2053 zingiberis
313 1975 339 2037 ll
366 1976 392 2057 l,
422 1978 535 2056 piperis
563 1975 588 2035 ll
616 1974 643 2057 l,
675 1976 747 2035 nitri
774 1974 800 2036 ll
828 1973 849 2033 1.
901 1972 981 2033 Haec
1013 1983 1188 2037 contusam

125 2071 156 2124 et
184 2063 312 2125 cribrata
340 2072 543 2145 reponuntur;
570 2063 639 2124 inde
668 2081 736 2125 cum
764 2080 839 2142 opus
867 2070 912 2122 est
938 2063 1070 2122 sumitur
1095 2083 1147 2125 co·

125 2152 221 2212 cleare
249 2152 369 2230 plenum
401 2161 431 2214 et
460 2153 587 2213 adicitur
615 2151 778 2212 embamma
806 2151 916 2210 factum
944 2167 979 2209 ex
1008 2168 1083 2228 garo
1116 2164 1148 2214 et

127 2247 211 2300 aceto
235 2258 392 2301 mensurae
416 2241 513 2318 cyathi
536 2240 658 2301 dimidii.
695 2239 739 2299 Ex
762 2239 819 2300 hoc
842 2238 986 2299 lactucam
1010 2249 1064 2300 aut
1083 2241 1148 2301 vol-

127 2345 192 2386 vam
221 2327 376 2386 comedere
400 2329 533 2388 ieiunum
557 2335 689 2407 oportet,
715 2327 766 2387 sed
792 2329 914 2407 sensim,
937 2344 998 2386 non
1021 2331 1147 2389 univer-

127 2430 198 2472 sam.
236 2411 310 2472 Cum
334 2415 401 2492 quis
424 2432 478 2492 per
496 2422 630 2475 ventrem
649 2423 793 2494 purgatus
812 2416 911 2495 luerit,
935 2417 1023 2475 etiam
1043 2427 1147 2479 vomat
1161 2430 1187 2472 25

126 2502 157 2559 in
186 2498 301 2559 halineo
330 2501 592 2582 medicamentum,
624 2521 682 2581 quo
710 2504 822 2563 reiecto
851 2503 971 2564 domum
1001 2522 1147 2567 reversus

129 2587 229 2650 cibum
253 2589 438 2651 sufficienter
461 2599 491 2651 et
514 2592 615 2650 vinum
639 2599 744 2651 sumat.

72 2689 109 2739 42
218 2677 299 2738 Vinis
327 2680 371 2740 uti
399 2685 517 2758 oportet
544 2679 579 2739 ad
607 2679 818 2740 intestinorum
846 2679 963 2740 dolores
991 2679 1081 2740 lactis
1107 2700 1144 2742 ex

126 2773 194 2827 ruta
214 2775 244 2828 et
262 2767 369 2848 puleio,
393 2770 468 2848 apio,
492 2769 622 2850 origano,
646 2787 744 2849 aneso,
768 2768 870 2849 dauco,
888 2768 1001 2847 thymo,
1018 2767 1145 2853 hysopo,

126 2873 247 2936 panace,
271 2857 428 2938 dictamno,
451 2857 568 2918 anetho.
1157 2872 1183 2912 ³0

74 2955 110 3004 43
219 2943 327 3006 Sahuci
360 2964 461 3006 semen
494 2949 598 3007 tritum
626 2965 693 3007 cum
721 2947 790 3005 rino
818 2945 919 3004 datum
947 2950 977 3003 et
1003 2952 1143 3007 ventrem

125 3041 223 3093 movet
242 3040 272 3093 et
290 3035 412 3111 prodest
430 3036 641 3095 intestinorum
660 3032 825 3112 doloribus3
845 3028 1050 3111 chamaeropis
1066 3052 1142 3112 quo·

125 3138 183 3197 que
216 3139 317 3180 semen
352 3140 386 3181 cr
415 3124 483 3182 vino
511 3123 612 3183 datum
641 3121 776 3182 similiter
803 3120 926 3198 prodest
958 3138 1077 3180 necnon
1112 3131 1143 3183 et

126 3207 324 3287 chamaepitys
344 3211 414 3269 trita
434 3227 469 3269 er
488 3211 556 3269 vino
575 3216 644 3287 pota
663 3209 740 3269 idem
760 3216 898 3289 praestat,
923 3210 1011 3269 etiam
1034 3227 1141 3272 semen

214 3341 384 3413 2satureia]
403 3344 452 3397 aut
470 3357 542 3398 cera.
587 3341 720 3411 poleium.
767 3346 800 3395 11
817 3341 972 3411 gluttincsi.
1024 3347 1057 3396 13
1073 3359 1141 3398 con-

125 3412 228 3483 cretos]
249 3414 404 3468 concoctos.
483 3410 886 3489 14cliun31malliumem.
967 3416 1003 3467 28
1022 3414 1141 3482 oportit.

123 3485 159 3533 *ιθ
179 3480 286 3536 dcucio.
360 3488 393 3537 32
414 3483 579 3552 chameropi.
