2438 3802
480 165 724 263 ...301-

182 326 313 388 Rasanus
336 329 368 386 in
390 333 491 404 partes
515 326 623 387 multas
644 333 762 387 secatur
781 334 811 387 et
830 325 890 386 sale
909 328 1108 389 minutissimo
1128 341 1161 390 69

94 418 279 496 inspergitur
302 433 431 494 cumque
455 415 507 475 diu
525 417 566 475 ita
585 415 791 494 permanserit,
815 431 941 475 excusso
961 415 1021 476 sale
1040 435 1109 477 cum

94 503 223 585 oxymeli
250 504 447 565 manducatur
474 512 505 564 et
532 522 623 582 supra
650 521 726 583 aqua
754 505 867 563 marina
893 511 1026 584 potatur3
1053 505 1109 564 bae

94 612 144 654 res
163 595 276 654 vomitu
294 595 384 653 citato
404 592 590 653 stomachum
609 591 805 652 saluberrime
823 599 960 672 purgant.
993 591 1109 672 Cymini
1129 605 1163 654 70

68 697 81 738 s
96 681 262 759 Aethiopici
281 683 473 760 semunciam,
491 680 575 741 doris
593 682 666 740 nitri
685 682 866 741 semunciam
884 698 920 740 ex
934 682 1001 741 vino
1016 682 1109 742 mixto

96 768 180 830 dabis
202 768 320 849 bibere,
345 777 560 847 praesentaneo
583 769 715 829 remedio
740 768 900 830 subvenies
922 771 1035 829 ventris
1059 770 1109 831 do·

94 857 153 917 lori
181 856 228 916 vel
255 859 348 918 strofo
376 857 531 918 laboranti.
572 856 694 917 Filicem
723 859 755 917 in
781 855 912 937 qualibet
935 856 1041 919 arbore
1065 861 1109 919 in·
1129 872 1162 922 71

94 952 195 1006 natam
218 945 308 1006 avelle
331 948 385 1026 ita,
413 965 451 1006 ne
474 953 585 1006 terram
608 953 721 1025 tangat,
749 952 779 1006 et
802 945 915 1006 dolenti
937 948 1016 1007 inter
1040 966 1109 1009 ven-

94 1042 170 1094 trem
194 1040 225 1094 et
248 1034 376 1095 lasceam
399 1052 485 1115 pone,
507 1034 576 1094 ilico
600 1037 712 1094 ventris
735 1033 838 1094 dolore
861 1034 1050 1097 relevabitur.

54 1139 80 1178 ro
183 1122 228 1182 Ad
256 1141 359 1184 rosum
387 1125 500 1183 ventris
523 1130 716 1203 praecantum
746 1122 957 1184 utillissimum.
1003 1123 1109 1185 Manus
1129 1137 1162 1184 72

94 1212 234 1271 sinistrae
262 1211 398 1291 pollicem
427 1229 518 1291 supra
547 1220 680 1271 ventrem
703 1229 821 1289 premes
848 1218 878 1271 et
901 1212 996 1272 dices:
1024 1213 1110 1273 adam

94 1298 201 1361 bedam
228 1299 304 1361 alam
327 1299 416 1361 betur
439 1300 514 1361 alam
537 1299 649 1361 botum.
685 1298 749 1359 Hoc
773 1317 842 1359 cum
865 1301 967 1359 novies
990 1300 1110 1380 dixeris,

96 1394 207 1448 terram
234 1389 339 1450 eodem
366 1388 473 1468 pollice
502 1396 605 1467 tanges
634 1396 664 1449 et
691 1405 781 1466 spues
804 1405 984 1467 rursumque
1008 1391 1110 1449 novies

96 1483 126 1536 et
153 1478 264 1538 iterum
286 1479 410 1539 tertium
432 1479 535 1538 novies
558 1477 640 1537 dices
666 1488 696 1538 et
717 1494 772 1556 per
795 1493 924 1537 novenas
947 1478 1028 1537 vices
1051 1488 1110 1537 ter-

55 1579 82 1621 1⁵
95 1583 158 1626 ram
178 1568 333 1645 continges
352 1574 383 1626 et
401 1584 523 1644 expues.
556 1565 619 1626 Hoc
638 1583 707 1626 vero
722 1573 914 1645 praecantum
930 1573 960 1625 et
973 1566 1110 1626 homines
1129 1578 1163 1628 73

95 1655 189 1715 strofo
208 1655 255 1715 vel
273 1669 346 1715 rosu
365 1654 533 1715 laborantes
553 1663 583 1715 et
602 1656 734 1715 iumenta
752 1652 903 1733 relevabit,
927 1655 953 1714 si
974 1653 1110 1714 adhibea-

95 1749 146 1803 tur
174 1745 226 1803 sic.
267 1743 371 1805 Manus
399 1743 502 1822 planas
530 1761 621 1821 super
647 1760 736 1803 renes
763 1759 856 1820 pones
885 1749 916 1801 et
942 1742 1024 1802 dices
1050 1750 1110 1804 ter:

96 1828 238 1890 alabanda
256 1830 390 1892 alabandi
408 1831 531 1892 alambo.
569 1830 643 1891 Cum
661 1833 702 1892 ita
720 1831 840 1910 dixeris,
864 1832 986 1907 supinas
1005 1848 1110 1891 manus

97 1916 153 1977 sub
168 1926 271 1978 ventre
287 1921 352 1980 eius
365 1938 459 2001 pones
475 1922 629 1980 etiterum
642 1919 721 1978 idem
737 1918 817 1979 dIces
833 1917 878 1978 vel
892 1919 977 1998 prius
991 1937 1110 1980 aversas

55 2022 203 2066 romanus
225 2006 282 2067 sub
300 2015 403 2069 ventre
425 2011 489 2069 eins
507 2025 601 2090 pones
620 2014 650 2067 et
669 2025 737 2067 cum
756 2014 803 2067 ter
822 2006 942 2087 dixeris,
965 2007 1003 2067 ad
1021 2026 1110 2068 renes

96 2093 200 2172 planas
223 2113 328 2156 manus
351 2115 443 2176 pones
471 2105 501 2158 et
524 2104 571 2156 ter
593 2102 783 2174 praecantato
810 2094 875 2155 loco
903 2113 1026 2156 rursum
1053 2096 1109 2157 sub

98 2190 201 2243 ventre
224 2201 330 2245 manus
352 2185 486 2264 perferes
509 2192 540 2245 et
561 2183 641 2245 idem
664 2185 753 2244 tertio
776 2183 866 2243 dices.

185 2271 260 2333 ltem
282 2272 318 2333 ad
340 2292 427 2334 rosus
448 2282 508 2335 tam
526 2274 680 2333 bominum
698 2290 788 2351 quam
806 2274 1007 2332 iumentorum
1025 2290 1109 2352 prae·
1129 2284 1163 2335 74

97 2364 225 2422 cantatio
244 2363 295 2422 sic.
326 2360 437 2423 Pollice
455 2365 576 2423 sinistro
597 2369 627 2422 ct
644 2360 761 2422 duobus
781 2357 910 2421 minimis
925 2360 1027 2440 digitis
1041 2379 1109 2421 ven-

56 2456 83 2498 25
97 2456 174 2509 trem
198 2450 368 2512 confricans
391 2450 484 2513 dices:
509 2450 612 2512 Stabat
634 2449 724 2510 arbor
747 2453 778 2511 in
800 2449 898 2510 medio
917 2467 999 2510 mare
1021 2457 1051 2510 et
1069 2450 1111 2511 ibi

95 2539 245 2616 pendebat
272 2539 360 2600 situla
383 2539 469 2618 plena
492 2541 702 2600 intestinorum
725 2539 936 2619 bumanorum,
964 2547 1027 2599 tres
1053 2541 1110 2599 vir-

96 2629 180 2704 gines
208 2627 417 2710 circumibant,
445 2628 520 2688 duae
544 2627 714 2709 alligabant,
742 2646 800 2688 una
827 2626 1004 2688 revolvebat.
1047 2627 1111 2688 Hoc

96 2723 143 2774 ter
171 2715 253 2776 dices
282 2724 312 2777 et
339 2726 386 2777 ter
417 2718 483 2795 pari
515 2716 603 2776 modo
635 2724 716 2776 terra
748 2723 883 2776 contacta
911 2733 1032 2794 expues.
1079 2715 1110 2775 Si

96 2803 229 2863 iumenta
252 2805 439 2886 carminabis,
461 2806 672 2864 intestinorum
695 2803 876 2864 mulinorum
899 2802 946 2862 vel
965 2821 1110 2881 equorum

57 2889 145 2948 ³0vel
169 2893 318 2953 asinorum
342 2893 431 2954 dices.

188 3043 342 3098 4vomito.
449 3045 557 3100 scitoto.
665 3039 819 3096 stomacho.
928 3040 1108 3094 narborem.

98 3119 115 3167 8
134 3112 226 3167 avelle
243 3111 285 3167 ita
303 3131 339 3169 ne
357 3116 469 3184 scripsi:
492 3113 629 3170 avellano.
710 3117 726 3166 9
745 3109 831 3165 illico.
912 3115 947 3164 13
966 3108 1110 3180 pollicem.

100 3188 133 3237 16
152 3199 218 3238 roeu
237 3185 348 3254 scripsi:
370 3202 442 3240 roso.
534 3190 567 3240 17
587 3183 665 3239 dicis.
757 3187 790 3236 19
811 3180 889 3236 dicis.
978 3186 1013 3235 25
1032 3197 1110 3236 mare

98 3255 169 3323 (sic).
241 3259 275 3308 26
294 3255 393 3310 sidula.
