2438 3802
521 128 742 192 ..51-

127 310 229 352 omnes
252 289 377 351 sanabit.
419 288 523 370 Capilli
547 299 577 350 et
599 289 707 351 barbae
732 299 893 351 nascentur
917 293 1004 352 etiam
1028 291 1139 374 glabro,
1159 305 1193 354 23

128 383 152 441 si
180 380 326 441 lichenem
355 381 444 460 asini,
475 378 505 439 id
535 386 580 439 est
608 379 812 440 collectionem
842 379 958 459 duram,
990 398 1065 458 quae
1094 388 1140 441 est

127 473 204 530 circa
228 487 316 530 crura
340 470 414 547 eius,
437 467 594 528 comburas
619 478 648 529 et
671 477 750 529 teras
774 479 803 529 et
822 467 975 547 pulverem
996 467 1078 528 illum
1104 487 1140 529 ex

126 559 189 619 oleo
217 566 318 618 vetere
346 559 479 636 inponas.
523 556 585 616 Hoc
615 559 654 617 ita
681 557 810 617 validum
834 565 893 637 est,
918 566 950 617 ot
974 559 1000 617 si
1023 557 1141 618 mulieri

98 648 193 708 ainde
221 645 368 706 maxillam
399 647 534 727 unxeris,
565 645 673 706 barbas
701 648 729 706 ei
760 647 843 706 nasci
871 647 956 706 scias.
1002 645 1141 706 Erinacei
1159 657 1194 707 24

125 744 267 816 caputet
290 733 428 813 pellicula
452 733 606 794 combusta
629 737 764 814 cinisque
792 737 820 795 ei
846 734 961 795 adiecto
986 734 1071 795 melle
1095 737 1138 795 in·

125 825 196 885 litus
215 823 355 903 alopeciis
374 825 433 883 cito
452 822 583 902 prodest.
621 822 715 902 Caput
734 829 832 884 autem
852 826 917 884 eius
935 841 990 902 per
1009 841 1041 884 se
1060 842 1139 884 com·

126 913 249 974 bustum
278 919 308 972 et
334 911 449 972 adiecta
472 913 567 990 ipsius
591 911 676 990 adipe
701 913 776 972 cinis
800 912 848 972 ille
872 912 1012 992 alopeciis
1035 912 1138 973 inlitus

126 1005 213 1063 etiam
233 1002 415 1062 cicatricosis
434 1001 505 1060 lacit
524 999 599 1079 pilos
619 1003 744 1061 renasci.
778 1001 863 1072 Quod
884 1003 910 1061 si
929 1009 1025 1062 totum
1040 1003 1137 1080 ipsum

85 1109 111 1147 ιο
126 1093 192 1171 quis
216 1097 321 1151 exurat
344 1097 373 1150 et
396 1088 548 1169 pulverem
573 1091 637 1150 eius
661 1089 738 1150 bene
761 1092 866 1150 tritum
889 1108 958 1151 eum
981 1090 1067 1169 adipe
1088 1108 1137 1150 ur·

125 1183 188 1240 sina
211 1179 293 1241 calvo
318 1178 354 1238 ad
378 1180 529 1257 integrum
552 1180 643 1257 capiti
666 1180 796 1258 inponat,
820 1179 960 1240 decorem
978 1180 1138 1258 pristinum

126 1270 264 1329 restituet
287 1266 471 1346 capillorum.
503 1266 547 1327 Ad
571 1269 681 1327 tineam
701 1267 875 1328 curandam:
901 1267 1060 1348 Sulphuris
1080 1268 1138 1327 rivi
1157 1278 1190 1327 to

129 1391 165 1398 -
186 1356 220 1438 ll,
244 1355 313 1417 salis
339 1356 454 1416 fossicii
479 1387 516 1398 -
538 1354 564 1435 l,
588 1364 675 1415 tunsa
699 1364 729 1416 et
752 1354 880 1416 cribrata
904 1356 976 1416 haec
1000 1374 1067 1416 raso
1091 1374 1137 1416 ca·

125 1448 180 1525 piti
207 1454 236 1506 et
264 1445 324 1505 loto
353 1446 383 1504 in
413 1443 519 1504 balneo
547 1443 738 1525 confricabiS,
769 1446 809 1504 ita
839 1452 871 1505 ut
898 1446 983 1523 prius
1012 1445 1048 1505 de
1072 1445 1137 1505 oleo

84 1549 109 1590 15
123 1534 207 1596 locus
231 1535 337 1613 capitis
361 1535 496 1594 tineosus
519 1541 704 1612 perungatur
728 1540 758 1594 et
781 1535 824 1594 sic
844 1532 943 1613 pulvis
961 1535 1018 1594 iste
1038 1552 1137 1613 asper-

123 1632 210 1702 gatur
238 1632 268 1683 et
296 1622 347 1682 diu
375 1622 513 1702 fricetur,
541 1641 697 1702 quousque
726 1621 859 1702 liqueliat
890 1623 998 1683 sudore
1022 1624 1136 1700 eapitis.

123 1711 186 1772 Hoc
209 1711 297 1772 modo
321 1712 399 1771 intra
424 1729 475 1770 sex
499 1711 562 1770 dies
587 1710 740 1772 curabitur
763 1712 851 1772 tinea.
891 1711 975 1772 Facit
996 1711 1054 1771 boc
1078 1729 1137 1770 me·

123 1801 258 1861 dicamen
283 1808 312 1860 et
335 1799 372 1860 ad
395 1798 556 1879 scabiosos,
584 1799 707 1878 prodest
735 1800 844 1879 ethis,
868 1799 977 1878 quibus
1001 1799 1137 1879 pustulae

124 1897 288 1950 nascuntur
318 1891 349 1948 in
379 1889 453 1948 facie
482 1896 632 1966 tamquam
655 1887 875 1966 elephantiacae
900 1887 1051 1948 rubentes.
1093 1887 1137 1948 nd
1157 1899 1190 1948 26

84 1994 111 2034 ao
124 1978 246 2057 capillos
265 1979 317 2056 qui
335 1985 403 2056 post
422 1977 624 2036 infirmitatem
645 1975 785 2035 decidunt
800 1975 1019 2036 confirmandos
1038 1975 1138 2035 cedria

124 2076 154 2127 et
181 2067 246 2127 oleo
273 2068 338 2145 pari
366 2065 497 2144 pondere
525 2066 617 2125 mixto
646 2063 769 2124 adsidue
798 2082 849 2124 eos
873 2082 952 2142 unge
981 2070 1011 2124 et
1033 2062 1138 2123 leuiter

123 2158 254 2235 pectina:
277 2154 411 2215 laudabis
435 2155 581 2214 effectum.
621 2153 665 2213 Ad
689 2151 812 2233 capillos
835 2152 1007 2214 decidentes
1031 2152 1136 2212 contir-
1157 2163 1190 2213 27

124 2244 259 2305 mandes:
289 2244 412 2322 Adipem
446 2244 578 2303 ursinam
607 2261 675 2303 cum
703 2242 808 2303 ladano
831 2241 971 2303 miscebis
995 2250 1025 2303 et
1048 2249 1137 2321 caput

122 2351 272 2413 perunges
299 2332 346 2392 rel
368 2330 432 2392 loca
456 2331 650 2393 defluentium
670 2331 844 2411 capillorum
863 2341 914 2393 aut
932 2331 1029 2392 ladani
1047 2333 1136 2392 uncia

83 2439 109 2480 aa
123 2440 182 2482 una
209 2430 239 2482 et
267 2421 400 2491 oenelaei
427 2422 524 2481 unciis
552 2420 668 2482 duabus
695 2423 774 2482 tritis
805 2431 835 2482 et
861 2423 1018 2502 permixtis
1046 2427 1136 2500 caput

122 2527 302 2590 perungues.
336 2509 380 2570 Ad
399 2509 526 2571 fluentes
544 2511 678 2590 capillos:
700 2509 826 2572 Scobem
845 2511 882 2572 de
901 2529 995 2572 cornu
1014 2511 1135 2570 cervino
1154 2520 1188 2569 28

121 2601 269 2678 permisce
298 2617 366 2659 cum
395 2600 508 2659 semine
536 2602 625 2680 myrti
649 2602 749 2678 nigrae
775 2600 890 2661 adiecto
921 2599 1028 2679 butyro
1058 2598 1136 2659 oleo·

10 2752 16 2770 ι
122 2706 180 2767 que
205 2696 235 2748 et
258 2689 349 2766 capiti
371 2705 437 2748 raso
462 2689 637 2749 densissime
661 2688 773 2768 obline;
797 2691 885 2749 etiam
910 2707 946 2748 ex
964 2688 1135 2748 infirmitate

120 2775 249 2837 fluentes
282 2775 403 2855 capillos
436 2777 596 2837 efficaciter
629 2776 803 2836 continebis.
849 2775 1034 2836 Sandaracba
1067 2792 1135 2836 cum
1154 2785 1188 2833 29

82 2880 108 2921 ao
121 2874 205 2926 aceto
229 2867 345 2926 incocta
373 2873 404 2926 et
432 2863 585 2941 emplastri
612 2880 693 2922 more
722 2865 850 2941 inposita
877 2863 1019 2922 liuentem
1048 2860 1135 2939 capil-

121 2954 183 3015 lum
206 2954 385 3016 validissime
410 2952 524 3014 solidat.
571 2950 603 3010 Si
627 2951 694 3028 quis
717 2949 869 3009 maleficiis
893 2948 1014 3027 capillos
1037 2947 1135 3026 perdi·
1154 2959 1189 3008 30

91 3042 94 3048 ’
121 3043 213 3125 derit,
241 3043 296 3104 hac
320 3061 371 3103 eos
395 3043 431 3103 ad
455 3041 610 3120 pristinam
634 3039 758 3098 formam
781 3039 895 3098 ratione
918 3035 1082 3117 reparabit,
1110 3037 1137 3096 si

121 3131 266 3194 lacertum
290 3131 402 3192 salsum
424 3138 604 3191 martensem
627 3147 695 3189 cum
720 3128 888 3207 suocapite
913 3132 943 3186 et
961 3124 1044 3185 lanae
1066 3142 1135 3204 pur-

120 3239 232 3300 pureae
260 3223 371 3301 optime
399 3222 431 3281 in
459 3219 612 3298 conchylio
641 3219 751 3278 tinctae
775 3216 847 3278 duas
870 3214 975 3294 ligulas
999 3223 1029 3275 et
1052 3214 1136 3275 char-

82 3325 108 3368 as
122 3319 183 3370 um
211 3309 350 3371 cubitalis
376 3321 539 3370 'mensurae
568 3311 726 3388 separatim
755 3305 911 3367 comburat
943 3305 1135 3384 cineremque

120 3400 300 3478 permisceat
323 3405 516 3477 conteratque
536 3415 604 3457 eum
624 3395 689 3456 oleo
708 3395 830 3456 cedrino
849 3394 991 3476 paulatim
1010 3393 1144 3472 adiecto,

120 3495 156 3549 ut
179 3487 407 3549 crassitudinem
431 3485 511 3547 velut
539 3484 663 3568 glutinis
684 3484 795 3572 iaciat,
822 3503 925 3570 eoque
950 3482 1168 3546 medaeammo

47 3582 52 3591 .
955 3585 995 3642 Ψ
