2438 3802
477 147 694 212 ..95-

75 317 228 372 contactae
255 311 287 369 in
316 308 451 387 globulos
479 309 699 389 conplicantur,
727 311 757 369 in
786 310 850 370 oleo
880 322 1018 372 excoctae
1047 314 1091 374 in·

74 401 220 478 fusaeque
246 397 369 458 auribus
398 401 498 459 statim
526 405 660 477 prosunt.
707 399 782 459 Tres
810 417 934 460 araneae
958 403 1091 462 viventes
1112 412 1143 459 11

73 493 105 550 in
129 487 194 548 oleo
219 488 245 547 si
268 487 403 548 ferveant
426 487 462 548 ad
485 486 586 548 focum
609 489 722 566 positae
746 495 835 567 atque
864 489 933 548 inde
956 489 1091 567 tepidum

27 641 29 643 ,
74 577 197 638 aurihus
222 576 301 655 quod
323 577 454 637 sufficiat
477 575 651 657 instilletur,
677 579 736 637 cito
760 576 934 639 remediant.
982 576 1090 638 Savum
1112 588 1144 636 12

46 666 232 729 svitulinum
254 665 342 744 adipe
365 666 480 726 anseris
504 667 629 725 mixtum
657 666 772 727 adiecto
801 668 889 727 ocimi
917 684 989 727 suco
1016 669 1091 745 tepi-

75 756 147 816 dum
174 753 297 817 auribus
324 755 458 816 infusum
487 756 598 833 optime
626 763 717 816 sanat.
764 755 869 816 Rafani
897 774 1032 838 quoque,
1059 755 1088 815 id
1111 765 1143 814 13

74 853 124 914 est¹
144 843 252 904 radicis
276 862 351 922 quae
374 843 584 924 manducatur,
607 862 699 904 sucus
722 845 841 906 infusus
864 844 1015 906 auriculae
1039 844 1089 905 do·

74 932 150 993 lenti
172 933 320 994 inlinitum
342 931 474 1011 prodest.
511 931 581 992 Gari
604 932 776 994 excellentis
800 934 938 1014 cyathum
960 942 990 996 et
1013 936 1089 995 aceti
1110 943 1144 992 14

75 1023 182 1101 optimi
204 1020 342 1101 cyathum
365 1029 395 1083 et
413 1020 509 1081 mellis
533 1021 688 1082 dimidium
711 1023 849 1102 cyathum
873 1041 1090 1102 superaquam

33 1129 60 1169 ro
74 1111 239 1172 ferventem
265 1112 297 1170 in
325 1109 381 1170 alio
409 1128 479 1170 vaso
507 1128 619 1189 coques
647 1119 676 1172 et
701 1113 875 1191 frequenter
898 1112 1090 1190 despumabis

74 1200 110 1260 de
134 1198 257 1278 pinnula
280 1199 440 1278 tepidoque
464 1199 658 1260 medicamine
682 1218 769 1262 aures
792 1200 940 1260 inrorabis
968 1207 998 1260 et
1021 1218 1089 1260 con-

75 1288 200 1368 chyliata
222 1287 321 1348 lanula
344 1288 478 1350 claudes:
501 1287 584 1349 valde
608 1288 665 1348 hoc
688 1289 854 1349 remedium
876 1290 956 1348 inter
975 1290 1090 1367 experi-

74 1384 173 1438 menta
186 1376 333 1438 laudatur.
361 1376 482 1438 Fraxini
500 1379 662 1438 tenerrima
681 1377 749 1437 folia
768 1376 876 1437 tundes
896 1384 926 1437 et
941 1379 1089 1455 exprimes
1110 1387 1142 1435 15

74 1485 180 1527 sucum
204 1484 308 1527 eorum
332 1473 420 1545 atque
444 1465 566 1526 auribus
590 1465 760 1526 dolentibus
783 1465 918 1544 tepidum
940 1465 1089 1526 infundes.

33 1573 59 1616 15
73 1555 195 1616 Fraxini
217 1562 370 1616 recentem
394 1554 561 1636 surculum,
589 1555 620 1615 id
649 1562 695 1616 est
717 1573 822 1616 umore
845 1556 968 1634 proprio
992 1553 1089 1614 adhuc
1110 1563 1143 1613 16

73 1644 251 1723 madentem,
275 1663 311 1704 ex
334 1662 392 1704 una
416 1653 499 1722 parte
523 1647 554 1704 in
578 1644 643 1705 foco
667 1663 761 1724 pones
784 1652 815 1705 et
839 1663 907 1705 cum
930 1661 985 1723 per
1004 1642 1089 1703 aliam

72 1740 190 1812 partem
209 1751 300 1794 sucus
319 1732 450 1814 ebulliet,
473 1735 621 1812 suscipies
639 1752 708 1794 eum
727 1733 886 1812 diligenter
907 1740 937 1794 et
956 1732 1021 1793 oleo
1041 1733 1090 1792 ad-

73 1822 136 1882 dito
160 1821 340 1900 tepefactum
364 1821 486 1882 auribus
509 1821 674 1883 instillabis.
712 1822 823 1882 Cardui
842 1822 968 1883 silvatici
988 1840 1089 1883 semen
1111 1831 1142 1880 17

74 1928 111 1970 ex
135 1910 200 1970 oleo
224 1928 334 1989 coques
358 1912 399 1970 ita
425 1910 545 1983 leniter,
574 1929 612 1970 ne
637 1920 754 1989 uratur,
783 1910 862 1990 quod
885 1919 989 1989 postea
1013 1910 1088 1971 cola·

34 2018 60 2059 ao
75 1999 121 2059 his
149 2017 204 2077 per
229 1998 385 2060 linteolum
414 2007 443 2060 et
471 1999 604 2077 tepidum
633 2000 772 2059 infundes
800 1999 912 2059 dolenti
939 1999 1089 2060 auriculae

75 2106 110 2148 ac
133 2087 239 2148 deinde
262 2088 327 2149 lana
351 2106 501 2167 purpurea
525 2086 688 2148 obturabis.
734 2086 833 2169 Croci,
859 2105 989 2166 myrrae,
1013 2089 1089 2146 turis
1110 2096 1142 2144 18

75 2178 180 2237 uncias
208 2186 367 2255 quaternas
395 2185 533 2239 conteres
557 2185 587 2237 et
610 2175 720 2237 adicies
744 2176 802 2237 mel
824 2176 969 2255 Atticum,
999 2193 1089 2254 quan-

75 2273 140 2327 tum
163 2265 301 2326 sufficere
323 2269 482 2347 putaveriS,
506 2285 540 2327 ac
559 2266 717 2326 decoctum
735 2266 919 2328 medicamen
939 2263 1088 2326 auriculae

75 2355 224 2415 infundes.
270 2354 433 2416 Galbanum
461 2374 528 2417 oum
558 2355 622 2416 oleo
650 2374 772 2417 rosaceo
800 2357 958 2417 remissum
987 2362 1017 2415 ct
1042 2362 1089 2415 ter
1109 2366 1142 2413 19

33 2462 60 2504 aa
76 2452 128 2504 aut
150 2452 256 2522 quater
278 2444 410 2505 infusum
433 2445 555 2506 auribus
579 2447 654 2507 mire
678 2445 795 2506 dolores
819 2443 903 2506 tollit.
942 2443 1089 2505 Aluminis
1108 2455 1141 2504 2ο

75 2531 182 2611 liquidi
204 2530 321 2613 -llll,
341 2533 436 2594 mellis
457 2567 495 2579 -
512 2535 561 2616 lll,
585 2537 662 2596 aceti
686 2537 852 2614 quartarios
871 2542 948 2615 tres3
971 2533 1089 2594 alumen

75 2640 145 2682 cnm
169 2630 252 2682 aceto
276 2630 355 2683 teres
379 2631 409 2683 et
428 2623 516 2685 simul
535 2626 633 2685 omnia
651 2643 820 2704 concoquas
840 2623 875 2684 ad
895 2624 1013 2702 tertias3
1032 2623 1089 2683 hoc

75 2710 260 2771 medicamen
283 2712 417 2791 tepidum
441 2711 591 2774 auriculae
614 2713 746 2774 infusum
767 2732 823 2793 pus
843 2713 953 2790 optime
973 2719 1089 2791 purgat,

76 2817 193 2860 vermes
216 2808 314 2881 necat,
343 2819 447 2879 aquam
473 2802 561 2860 etiam
585 2803 611 2860 si
633 2802 788 2861 intraverit
815 2799 925 2860 educit.
971 2798 1087 2859 Herhae
1105 2811 1138 2860 21

34 2909 61 2951 vo
75 2886 224 2969 polygoni,
248 2908 335 2968 quam
358 2906 413 2948 nos
437 2887 640 2965 sanguinalem
661 2887 797 2966 dicimus,
820 2904 910 2947 sucus
930 2904 1089 2964 expressus

76 2987 105 3038 et
129 2978 247 3039 infusus
270 2980 346 3038 mira
369 2975 499 3036 efficacia
523 2973 654 3034 dolorem
677 2974 837 3053 ulceraque
861 2974 978 3033 aurium
997 2981 1089 3033 sanat.

76 3065 175 3145 hdeps
204 3069 318 3126 anseris
347 3068 489 3126 miscetur
519 3064 600 3125 croci
628 3081 700 3124 suco
728 3069 759 3122 et
785 3060 842 3121 alei
867 3061 986 3120 contusi
1009 3079 1090 3140 suco,
1109 3072 1143 3121 22

78 3173 153 3233 quae
172 3156 270 3216 infusa
289 3155 412 3216 auribus
431 3152 633 3215 incommodos
653 3153 769 3213 sonitus
782 3150 968 3227 tinnitusque
988 3167 1090 3210 earum

148 3314 166 3362 4
189 3308 347 3363 remediant
373 3309 486 3390 scripsi:
512 3307 607 3362 remed
635 3308 666 3362 iu
692 3308 747 3375 fine
773 3319 878 3371 coraus,
905 3302 1091 3358 medebnntur

78 3378 239 3435 Corconiana.
312 3382 377 3435 tot
396 3381 507 3451 ad1pem
525 3395 577 3450 pro
595 3378 687 3449 adipe.
752 3374 877 3432 trofini.
947 3376 1090 3430 13111121-

76 3449 151 3506 rimi.
212 3454 245 3505 16
264 3467 398 3506 umorem.
456 3457 489 3506 to
508 3456 537 3507 et
555 3467 605 3507 om.
660 3456 693 3506 27
713 3464 899 3519 conquoques.
955 3451 989 3502 29
1008 3463 1097 3515 naua.

78 3528 112 3576 33
131 3520 324 3578 incommodis.
