2438 3802
484 141 724 207 -311-

100 310 201 369 ieiuno
220 324 274 386 per
292 305 426 367 triduum
440 304 533 386 dabis,
552 305 713 367 ellicaciler
727 305 902 384 proderunt.
931 305 1112 384 Sanguinem
1130 319 1166 368 33

100 396 246 475 anguillae
274 414 342 456 cum
366 393 481 455 rubello
504 395 572 454 vino
597 393 709 472 duplici
731 412 872 455 mensura
895 396 1058 474 coniunges
1083 404 1114 457 et

101 505 137 546 ex
161 503 236 564 aqua
259 484 359 563 tepida
381 485 507 543 mixtum
529 482 622 544 colico
641 485 741 543 ieiuno
762 482 845 543 dabis
864 481 1036 564 bibendum,
1060 484 1113 544 sed

101 573 157 635 snb
181 572 282 634 dolore
306 573 371 633 dari
393 580 523 652 oportet,
546 590 615 632 nam
639 580 669 632 et
691 589 833 650 praesens
852 571 1018 632 remedium
1036 572 1114 633 feret

75 665 187 724 setin
211 663 344 723 futurum
368 660 472 720 morbo
496 661 669 721 huiusmodi
690 659 837 722 liberabit.

191 751 223 810 Si
241 751 384 811 adversus
403 749 501 810 colum
520 752 584 810 viro
603 749 767 810 remedium
784 767 860 828 opus
874 751 940 830 erit,
960 749 996 810 de
1011 752 1113 832 ariete,
1132 761 1168 812 34

102 859 191 920 quem
224 839 313 919 lupus
345 839 503 920 occiderit,
536 837 687 899 fasciolam
714 856 791 917 puer
818 837 939 918 inpubis
969 839 1057 900 iaciat
1084 848 1115 900 et

100 929 170 990 inde
197 931 294 989 virum
322 927 358 988 ad
386 946 496 1007 corpus
524 930 670 1007 accingat3
699 929 725 987 si
752 945 822 987 vero
850 927 970 988 mulieri
995 929 1114 988 meden-

102 1019 172 1079 dum
196 1019 267 1097 erit,
296 1016 434 1077 similiter
457 1016 494 1076 de
518 1035 585 1098 ove,
613 1033 702 1096 quam
724 1015 813 1094 lupus
837 1016 993 1097 occiderit,
1016 1016 1115 1095 puella

61 1125 88 1164 1o
102 1110 184 1185 virgo
208 1105 361 1185 cingulum
384 1106 472 1166 faciat
499 1113 529 1166 et
551 1104 707 1166 mulierem
731 1106 810 1165 circa
833 1123 942 1186 corpus
967 1107 1113 1187 accingat3

102 1197 262 1256 efficaciter
284 1195 417 1273 prodest.

190 1284 299 1362 Lepori
325 1285 391 1343 vivo
421 1283 514 1343 talum
546 1281 701 1343 abstrahes
731 1282 866 1361 pilosque
897 1283 961 1342 eius
991 1281 1028 1341 de
1058 1281 1114 1342 sub
1133 1294 1171 1345 35

102 1380 204 1433 ventre
232 1371 318 1433 tolles
347 1380 435 1451 atque
463 1373 562 1450 ipsum
590 1374 689 1432 vivum
717 1371 862 1452 dimittes,
895 1370 932 1430 de
959 1369 1018 1430 illis
1046 1370 1115 1450 pilis

101 1461 236 1522 vellana
259 1461 341 1521 [ilum
364 1460 493 1520 validum
516 1461 607 1520 facies
631 1468 661 1520 et
684 1477 720 1519 ex
744 1478 779 1520 eo
802 1459 895 1520 talum
915 1458 1026 1538 leporis
1045 1477 1114 1519 con·

61 1567 87 1607 15
101 1550 206 1628 ligabis
225 1568 395 1628 corpusque
414 1547 576 1610 laborantis
595 1551 777 1629 praecinges,
796 1551 873 1609 miro
892 1547 1025 1608 remedio
1047 1547 1116 1608 sub·

101 1643 210 1700 venies.
247 1638 405 1699 Efficacins
429 1645 528 1698 tamen
551 1639 609 1698 erit
631 1637 805 1716 remedium,
829 1640 870 1697 ita
888 1645 921 1698 ut
939 1636 1116 1698 incredibile

103 1731 155 1810 sit,
183 1730 209 1787 si
237 1745 308 1788 casu
336 1747 369 1788 os
396 1729 508 1807 ipsum,
536 1726 567 1786 id
590 1734 637 1786 est
659 1725 752 1786 talum
775 1725 899 1807 leporis,
926 1727 958 1786 in
982 1733 1115 1787 stercore

102 1816 165 1894 lupi
192 1818 354 1897 inveneris,
382 1816 461 1894 quod
489 1817 530 1875 ita
558 1814 709 1876 custodire
738 1813 841 1895 debes,
870 1833 907 1874 ne
930 1823 982 1876 aut
1004 1823 1116 1876 terram

102 1912 204 1981 tangat
227 1911 278 1964 aut
301 1922 317 1963 a
340 1905 464 1964 muliere
489 1905 692 1983 contingatur,
720 1903 773 1964 sed
796 1921 852 1964 nec
875 1902 958 1964 filum
981 1902 1055 1964 illud
1078 1904 1116 1964 de

62 2011 88 2049 ao
103 1993 169 2052 lana
196 1991 307 2070 leporis
335 1991 446 2053 lactum
476 1990 565 2052 debet
594 1990 702 2052 mulier
734 1990 793 2052 ulla
824 1994 1005 2071 contingere.
1052 1992 1116 2054 Hoc

103 2089 202 2141 antem
230 2080 395 2141 remedium
423 2099 491 2140 cum
515 2082 567 2140 uni
589 2081 748 2160 profuerit,
775 2080 812 2140 ad
835 2081 908 2141 alios
930 2080 1116 2163 translatum,

102 2189 171 2230 cum
195 2168 325 2230 volueris
345 2176 375 2229 et
394 2171 532 2248 quotiens
551 2168 689 2249 volueris,
712 2169 860 2250 proderit,
883 2168 966 2231 iilum
987 2188 1117 2251 quoque,

103 2258 182 2338 quod
215 2277 251 2318 ex
279 2258 345 2318 lana
372 2257 418 2319 vel
449 2257 529 2337 pilis,
563 2274 638 2336 quos
665 2257 702 2318 de
730 2266 833 2318 ventre
863 2257 973 2338 leporis
1001 2259 1116 2340 tuleris,

103 2348 184 2409 solus
207 2367 302 2427 purus
326 2355 357 2408 et
375 2346 488 2408 nitidus
507 2347 612 2427 lacies;
637 2347 716 2426 quod
736 2348 761 2406 si
780 2349 820 2406 ita
839 2349 937 2408 ventri
954 2347 1117 2408 laborantis

61 2453 88 2492 25
103 2437 311 2518 subligaveris,
339 2436 502 2516 plurimum
524 2434 673 2515 proderit,
701 2443 735 2496 ut
758 2435 873 2496 sublata
896 2435 961 2496 lana
984 2436 1118 2517 leporem

102 2529 201 2586 vivum
221 2526 353 2587 dimittas
373 2533 403 2586 et
422 2525 504 2586 dicas
523 2526 559 2603 ei,
583 2523 654 2585 dum
674 2524 799 2585 dimittis
818 2543 899 2586 eum:
923 2524 1014 2607 Fuge,
1038 2526 1116 2608 luge,

101 2615 263 2695 lepuscule,
289 2624 320 2675 et
342 2623 443 2676 tecum
466 2614 550 2674 auler
574 2612 632 2674 coli
655 2612 796 2674 dolorem.

191 2703 317 2763 Euforbi
344 2703 495 2781 dragmam
523 2701 641 2780 rediges
668 2704 699 2762 in
728 2704 937 2762 tenuissimum
963 2702 1117 2780 pulverem
1136 2715 1171 2765 36

103 2799 133 2850 et
161 2809 197 2850 ex
225 2809 260 2851 eo
288 2800 389 2868 parles
417 2791 490 2852 duas
518 2791 622 2872 iacies,
655 2807 744 2850 urnam
777 2808 844 2850 curm
874 2809 928 2849 ovo
956 2793 1117 2851 semicocto

62 2896 90 2935 ao
104 2880 204 2938 ieiuno
223 2878 317 2939 colico
336 2878 428 2958 dabis,
447 2879 569 2940 alteram
588 2881 678 2940 tertio
698 2879 746 2938 die
766 2877 903 2938 similiter
918 2877 1022 2958 iacies,
1041 2880 1117 2938 mire

104 2986 138 3027 ac
163 2968 227 3027 sine
251 2968 430 3045 repetitione
453 2966 625 3028 emendabis
649 2966 706 3028 coli
730 2966 871 3026 dolorem.

194 3055 365 3135 Conpositio
389 3055 499 3117 colicae
522 3058 677 3134 primaria:
700 3055 792 3116 Nardi
814 3055 885 3136 lolii,
909 3056 1008 3133 spicae
1032 3053 1119 3114 nardi
1136 3068 1171 3117 31

104 3144 211 3226 Indici,
235 3146 356 3225 amomi,
378 3147 491 3224 piperis
515 3144 587 3226 albi,
613 3146 698 3224 costi,
722 3146 884 3224 papaveris,
908 3143 996 3204 lentis
1021 3143 1117 3222 Syria·

104 3252 156 3294 cae
171 3235 275 3294 uncias
289 3233 430 3316 singulas,
448 3252 574 3315 myrrae,
593 3232 761 3314 zingiberis,
779 3237 856 3295 asari
869 3232 986 3294 Pontici
1000 3250 1119 3293 semun-

193 3375 293 3424 2com
310 3369 427 3424 robello.
487 3369 636 3439 loporlib.
693 3369 867 3425 olibereuit.
924 3375 957 3424 13
977 3367 1118 3424 demittes.

106 3445 139 3494 18
162 3438 251 3495 debis.
361 3440 644 3510 24111111111111).
761 3438 950 3512 sediminis]
980 3438 1120 3496 dimittas.

103 3518 137 3567 32
156 3512 226 3568 folia
245 3511 405 3569 Carnarius.
