2438 3802
489 114 726 178 -345-

101 283 185 336 aceto
204 275 358 355 adpositus
378 275 449 336 adeo
473 275 604 357 prodest,
627 284 661 337 ut
679 277 817 355 spodium
836 286 866 338 et
884 277 1028 339 utilitates
1047 281 1111 340 eius

100 368 132 425 in
160 365 243 425 hisce
271 362 476 425 curationibus
504 366 609 425 vincat.
655 364 708 426 Fel
741 367 896 444 caprinum
929 385 997 427 cum
1025 367 1111 428 melle
1130 381 1163 429 41

101 456 212 515 veretri
235 451 388 514 doloribus
410 451 621 531 ulceribusque
644 453 762 514 inlitum
786 455 915 533 prodest.
953 454 1028 514 Caro
1047 473 1112 516 vac·
1131 469 1165 517 42

102 548 167 606 cina
191 560 297 603 recens
318 548 434 601 veretro
453 543 591 620 imposita
608 541 709 602 ulcera
728 545 792 603 eius
812 550 842 603 et
861 542 1018 621 epiphoras
1037 545 1112 603 mire

75 640 248 712 apersanat.
296 629 479 691 Salsamenta
511 638 615 691 exusta
647 632 834 710 contritaque
868 639 898 692 et
929 649 998 692 cum
1026 631 1111 691 melle
1131 644 1165 694 43

102 728 219 782 veretro
242 721 370 798 inposita
393 718 550 779 adversum
574 736 676 779 omnes
700 719 818 780 dolores
841 727 872 780 et
890 721 1111 780 formicationes

102 809 282 888 singularem
309 807 471 867 efficaciam
498 815 659 886 praestant.
700 808 849 869 anethum
877 810 990 870 siccum
1013 811 1112 870 uritur
1130 821 1167 870 44

101 901 236 976 cinisque
264 897 329 957 eius
357 897 447 955 tritus
475 903 526 956 aut
549 915 617 957 cum
640 897 709 956 vino
732 904 833 957 vetere
856 905 974 958 veretro
997 899 1112 978 insper-

101 989 181 1066 gitur
209 994 260 1046 aut
288 1003 357 1044 cum
384 983 471 1044 melle
499 984 640 1046 subactus
669 984 835 1046 adhibetur.
880 985 938 1046 Lao
964 989 1112 1048 asininum
1130 998 1167 1047 45

61 1099 87 1138 ιο
101 1095 170 1137 cum
196 1075 262 1135 lana
290 1072 392 1133 sucida
419 1072 455 1132 ad
484 1072 657 1134 umbilicum
680 1072 800 1152 habeat,
828 1076 967 1152 quotiens
991 1077 1058 1153 quis
1081 1078 1112 1134 in

100 1182 239 1225 venerem
262 1160 390 1223 voluerit
412 1162 539 1223 incitari.

190 1251 306 1311 Erucae
329 1251 451 1309 seminis
471 1242 511 1335 9·
530 1249 579 1330 111,
602 1248 686 1309 bulbi
706 1249 763 1309 ruti
783 1241 822 1334 2·
841 1248 891 1328 ΙΙΙ,
913 1248 1013 1309 nuclei
1031 1252 1112 1328 pinei
1131 1263 1167 1312 46

101 1341 220 1418 purgati
239 1331 279 1424 ²9⁴
298 1337 344 1418 Vl,
367 1339 466 1416 spicae
485 1338 571 1398 nardi
590 1330 630 1423 3·
648 1336 698 1418 ΙΙΙ,
721 1344 802 1397 teres
821 1336 936 1416 singula
955 1337 1112 1416 diligenter

102 1437 132 1490 et
155 1425 349 1506 permiscebis
370 1433 459 1505 atque
477 1426 546 1486 inde
565 1424 700 1505 globulos
719 1426 809 1486 iacies
829 1426 864 1486 ad
884 1426 1008 1486 formam
1027 1429 1112 1487 nucis

62 1539 87 1579 15
101 1516 249 1578 avellanae
268 1524 298 1576 et
317 1533 385 1576 cum
405 1533 480 1593 opus
499 1515 590 1575 fuerit
608 1513 740 1592 singulos
755 1513 930 1593 liquefactos
945 1516 976 1574 in
990 1516 1112 1594 caprino

100 1606 175 1667 lacte
199 1604 324 1684 potabis,
348 1605 374 1664 si
397 1605 428 1663 in
451 1621 590 1664 venerem
613 1603 743 1663 volneris
769 1603 899 1664 accendi.

192 1693 344 1754 Satureiae
373 1691 506 1753 Creticae
535 1684 575 1777 3·
599 1691 624 1771 1,
652 1709 769 1770 myrrae
793 1684 878 1777 21,
906 1691 1004 1752 nuclei
1032 1693 1114 1770 pinei
1131 1703 1167 1752 47

102 1785 219 1859 purgati
243 1782 437 1862 quartarium,
459 1798 567 1840 crucae
591 1781 713 1840 seminis
738 1779 823 1858 -Ι,
847 1779 947 1840 scillae
970 1787 1112 1858 purgatae

102 1869 185 1930 -Ι,
220 1868 325 1929 Omnia
348 1868 421 1928 haec
440 1870 567 1928 contrita
586 1867 726 1928 miscebis
745 1875 775 1928 et
793 1867 927 1946 globulos
947 1868 983 1928 ad
1002 1872 1112 1947 magni·

63 1978 89 2016 so
104 1957 237 2018 tudinem
266 1955 349 2015 labae
377 1955 467 2016 facies
496 1963 526 2016 et
553 1955 685 2034 singulos
717 1956 754 2016 ad
782 1956 860 2016 diem
892 1959 1011 2016 ieiunus
1044 1975 1113 2017 cum

103 2047 225 2125 caprino
248 2044 323 2104 lacte
347 2043 472 2122 potabis,
495 2045 521 2104 si
544 2044 673 2106 volueris
697 2063 763 2105 esse
787 2044 919 2106 salacior.

191 2132 329 2212 Pyrethri
352 2134 417 2192 triti
438 2132 569 2210 pulveris
593 2133 765 2194 cocliarium
788 2133 909 2211 plenum
933 2152 1001 2194 cnm
1024 2151 1112 2212 passo
1131 2146 1168 2196 48

101 2232 205 2302 potum
229 2223 338 2282 excitat
360 2223 392 2280 in
416 2239 556 2281 venerem
578 2220 699 2282 inutiles
722 2240 827 2282 mares.

190 2311 248 2382 Qui
275 2312 373 2390 potuit
400 2317 430 2371 et
458 2328 517 2370 non
541 2318 652 2390 potest,
676 2319 709 2372 ut
732 2318 889 2391 reparetur
911 2312 941 2371 in
965 2329 1112 2392 venerem,
1131 2322 1168 2373 49

62 2418 88 2459 ιι
102 2401 217 2462 radices
241 2401 410 2461 cucumeris
434 2402 560 2480 agrestis
583 2401 718 2461 concisas
741 2402 909 2462 minutatim
930 2402 961 2460 in
980 2400 1044 2461 oleo
1064 2401 1113 2460 dc·

102 2498 210 2569 coquat
233 2497 263 2550 et
285 2491 316 2549 in
342 2487 460 2550 vasculo
484 2491 578 2550 vitreo
601 2496 735 2550 reservet
762 2498 793 2549 et
820 2508 888 2551 cum
915 2507 990 2568 opus
1014 2490 1112 2570 fuerit,

101 2587 214 2657 unguat
235 2578 292 2637 sibi
311 2580 342 2638 in
361 2577 477 2637 balineo
497 2579 624 2638 interius
643 2579 823 2638 eleuterius
843 2596 930 2638 omne
952 2587 1113 2658 veretrum,

102 2666 154 2725 sed
175 2682 316 2741 saponem
335 2682 395 2724 non
414 2663 522 2745 abluat,
547 2667 647 2725 statim
665 2663 847 2726 incitabitur.
881 2665 996 2726 Poterit
1014 2675 1113 2727 autem

103 2750 297 2828 sequentibus
320 2749 439 2829 dicbus,
467 2752 495 2810 si
516 2769 639 2811 necesse
663 2751 766 2830 fuerit,
789 2754 878 2812 etiam
906 2755 970 2812 sine
998 2753 1113 2814 lavacro

61 2859 88 2898 oo
102 2847 252 2898 veretrum
272 2835 330 2896 sibi
348 2835 484 2897 similiter
503 2837 607 2897 eodem
625 2837 820 2898 medicamine
839 2857 1043 2920 perunguere3
1063 2858 1113 2899 na·

102 2936 170 2988 tura
193 2923 328 3005 genitalis
351 2924 445 2983 maior
465 2932 494 2983 et
513 2923 636 2984 solidior
654 2924 811 3004 videbitur,
835 2929 860 2986 si
881 2926 917 2986 de
936 2925 989 2986 lilii
1007 2927 1113 2986 radici·

102 3015 158 3076 bus
186 3015 283 3075 tunsis
312 3011 488 3090 cataplasma
515 3014 544 3072 ei
570 3013 708 3092 inponas,
737 3031 812 3091 quae
839 3013 931 3074 nihilo
960 3015 1058 3074 minus
1084 3023 1114 3074 et

102 3106 205 3164 veneri
227 3100 429 3163 incendendae
453 3103 525 3162 satis
547 3101 630 3162 utilis
653 3109 707 3163 est.

192 3191 308 3252 Herbae
322 3190 413 3251 rebus
427 3191 555 3252 veneriis
570 3198 664 3272 aptae,
683 3191 814 3272 ralauus,
832 3209 921 3252 eruca
922 3209 1114 3274 „asparagus
1133 3205 1166 3255 50

193 3333 209 3382 6
228 3325 440 3396 fumigatrones
462 3327 576 3382 correct
651 3333 683 3382 12
707 3346 725 3383 a
747 3327 887 3383 vocabulis
905 3326 982 3397 pinei
990 3328 1115 3410 purgati

103 3401 187 3456 codex
202 3415 299 3454 rursus
313 3399 420 3466 incipit
466 3401 498 3451 15
517 3397 694 3466 liquefactus.
752 3403 784 3454 17
804 3397 915 3454 mitrae.
968 3397 1045 3469 pinei
1063 3415 1113 3457 om.

103 3477 137 3525 23
156 3486 264 3526 venere.
337 3473 372 3523 28
391 3484 525 3538 saponem
542 3471 655 3540 scripsi:
673 3470 787 3526 sabone
859 3475 896 3525 ab
911 3475 1043 3525 vereare
