2438 3802
529 147 744 210 ..64-

130 309 259 389 hyaenae
283 309 359 369 fellis
383 307 408 370 X
429 309 455 389 l,
480 308 627 388 euphorbi
650 308 675 368 X
695 309 719 390 l;
743 301 803 370 hoo'
824 309 888 369 oleo
909 309 1032 370 diluitur
1055 313 1145 372 etita

130 399 310 458 admiscetur
330 400 446 458 ceteris.
484 400 599 477 Aquato
619 400 663 459 uti
682 398 831 477 oportebit
847 398 904 458 hoc
919 399 1144 479 medicamento,

129 497 175 548 est
193 489 272 547 enim
291 489 469 547 acerrimum
489 497 518 547 et
537 487 668 565 undique
689 505 807 548 umores
827 487 930 567 trahit3
950 487 1145 566 quamobrem

129 594 189 636 nou
217 583 288 636 sunt
315 576 491 656 inungendi,
520 578 571 654 qui
599 578 705 655 eapitis
728 575 860 636 dolorem
883 584 935 636 aut
962 577 1145 654 gravidinem

129 664 247 744 habent,
267 672 297 724 et
315 672 382 724 ante
403 663 526 725 biduum
541 673 592 724 aut
606 665 738 725 triduum
754 683 859 743 aquam
873 663 983 745 bibant,
1003 683 1077 743 quos
1096 665 1172 726 dea

129 755 286 813 stinaveris
303 771 337 813 eo
356 755 536 834 inunguere3
556 772 733 832 quamquam
748 752 855 813 melius
869 753 987 832 facient,
1011 756 1037 812 si
1056 756 1145 814 etiam

129 849 355 920 perseveranter
383 860 488 920 aquam
515 844 696 923 potaverint3
724 844 794 902 vitio
828 843 906 901 enim
935 841 1144 904 molestissimo

130 930 245 990 facilius
260 933 338 991 inter
352 933 435 991 initia
451 931 603 991 carebunt.
628 930 692 991 Non
708 940 807 991 autem
822 933 964 1010 praeterit
978 949 1024 990 me
1035 931 1145 993 habere

130 1026 159 1078 te
174 1020 337 1098 prudentes
352 1020 507 1098 ocularios,
527 1018 636 1099 quibus
654 1021 680 1079 si
694 1022 812 1079 nomina
827 1019 938 1079 dixeris
953 1019 1144 1100 collyriorum

130 1110 160 1167 in
175 1107 231 1168 hoe
245 1108 322 1168 libro
337 1111 527 1190 scriptorum,
545 1108 726 1169 contendent
740 1108 839 1167 forsan
854 1126 885 1168 se
901 1126 1019 1187 quoque
1034 1108 1144 1170 habere
1159 1125 1185 1164 ro

131 1197 233 1257 eadem
261 1200 428 1277 conposita:
457 1198 508 1258 sed
537 1199 562 1258 si
590 1197 721 1276 pondera
750 1204 801 1257 aut
830 1197 952 1257 effectus
982 1215 1144 1276 conparare

130 1285 219 1367 voles,
242 1286 329 1365 longe
353 1286 485 1347 diversos
509 1289 650 1346 invenies.
688 1285 750 1363 Ego
774 1287 852 1345 enim
876 1288 940 1365 ipse
964 1286 1067 1346 eodem
1093 1307 1142 1348 uo-

130 1376 209 1434 mine
242 1375 334 1436 multa
368 1377 533 1455 conposita,
566 1395 625 1436 non
654 1375 748 1435 isdem
776 1373 958 1453 ponderibus
987 1383 1016 1435 et
1044 1375 1144 1458 rebus,

130 1464 280 1524 interdum
308 1464 415 1544 habeo,
444 1465 496 1524 sed
524 1467 650 1524 maxime
675 1463 808 1543 probatis
833 1471 908 1524 utor.
955 1463 1016 1524 Nec
1040 1467 1144 1543 utique

130 1552 253 1612 adlirmo
278 1571 337 1612 non
360 1570 448 1631 posse
472 1561 502 1613 et
525 1552 598 1612 alios
622 1552 723 1612 eadem
744 1552 864 1632 habere,
888 1570 954 1611 nam
974 1554 1086 1630 etipse
1107 1553 1184 1614 abu

130 1640 195 1700 aliis
215 1643 325 1721 accepi,
346 1642 398 1700 sed
418 1659 485 1700 raro
505 1642 566 1701 seio
587 1639 787 1701 oculariorum
807 1640 950 1720 quosdam
969 1642 1145 1720 simpliciter

131 1729 248 1788 tradere
273 1731 495 1808 conpositiones
516 1746 623 1808 meque
647 1728 773 1789 multum
798 1729 979 1808 elaborasse,
1003 1738 1036 1790 ut
1060 1749 1144 1791 veras

133 1826 162 1876 et
185 1819 374 1896 incorruptas
396 1820 570 1899 acciperem,
589 1819 727 1878 conscius
746 1837 812 1877 sum
833 1817 912 1878 mihi.
950 1816 1052 1897 Neque
1071 1819 1144 1880 illud

130 1923 236 1966 rursus
265 1905 347 1988 dico‚‘
373 1925 462 1967 novas
490 1925 593 1967 omnes
621 1915 651 1967 et
679 1924 738 1966 nou
762 1905 910 1984 aliquibus
933 1915 1018 1966 notas
1042 1926 1088 1968 me
1113 1910 1143 1968 in

130 1992 187 2054 hoc
214 1993 291 2055 libro
320 2005 531 2075 congesturum
555 1997 789 2075 conpositiones,
818 2014 920 2055 verum
944 1999 1033 2055 etiarn
1057 2015 1142 2075 quas·
1158 2012 1184 2051 so

130 2083 196 2144 dam
221 2085 352 2164 vulgatas
376 2094 414 2166 et,
438 2096 471 2146 ut
493 2087 534 2146 ita
553 2085 657 2164 dicam,
681 2083 853 2163 publicatas.
891 2082 1045 2144 Eiusmodi
1064 2088 1143 2145 euim

131 2176 198 2250 quia
231 2175 366 2235 efficaces
395 2183 476 2254 sunt,
509 2176 599 2235 etiam
626 2173 762 2251 plurimis
790 2175 821 2232 in
849 2174 983 2232 notitiam
1012 2176 1143 2236 veniunt.

78 2275 111 2324 18
130 2261 289 2340 Collyrium
309 2264 546 2323 efficacissimum
566 2262 601 2322 ad
621 2271 768 2322 tumorem
787 2260 941 2321 oculorum
961 2271 991 2322 et
1010 2262 1143 2322 lacrima·

130 2367 197 2409 rum
221 2353 345 2411 nimium
368 2351 506 2430 fluorem,
530 2353 618 2411 etiam
642 2368 731 2428 supra
755 2358 933 2428 perunctum
958 2350 1003 2411 vel
1027 2351 1143 2412 inlitum

131 2437 234 2496 elfioax
259 2447 317 2519 est,
341 2441 461 2517 accipit:
487 2439 610 2498 acaciae
634 2436 755 2518 XXVI,
779 2439 909 2498 cadmiae
929 2438 954 2499 X
974 2439 1039 2520 Xll,
1064 2440 1143 2500 aloes
1158 2453 1184 2494 2⁶

131 2524 155 2584 X
176 2525 214 2606 11,
238 2530 327 2607 croci,
351 2545 476 2607 myrrae,
499 2529 560 2606 opii
583 2526 661 2606 lecti,
686 2526 870 2605 singulorum
893 2528 1029 2589 denarios
1049 2527 1144 2608 binos,

132 2617 260 2674 castorei
282 2615 306 2675 X
331 2616 356 2696 l,
384 2618 510 2676 cummis
534 2615 560 2676 X
583 2615 659 2697 Vll13
691 2623 829 2677 teruntur
857 2616 930 2676 haec
958 2617 1055 2676 omnia
1079 2615 1144 2674 dili·

131 2711 235 2781 genter
259 2715 288 2765 ct
311 2723 347 2765 ex
368 2723 443 2784 aqua
461 2707 682 2784 permiscentur
705 2711 793 2783 atque
817 2705 885 2766 inde
906 2707 1004 2766 statim
1023 2702 1143 2782 collyria

79 2807 111 2856 19
131 2792 296 2854 formantur
320 2812 355 2854 ex
377 2813 460 2874 aqua,
485 2813 558 2874 quae
579 2802 648 2854 sunt
667 2795 786 2853 omuino
806 2796 938 2855 mirifica.
974 2791 1142 2872 Xerocolly-

131 2883 208 2942 rium
237 2886 381 2960 optimum
409 2883 444 2944 ad
473 2883 631 2963 epiphoras
659 2901 743 2943 acres
771 2891 801 2944 et
829 2885 912 2943 initia
944 2882 1144 2962 lippitudinis:
1159 2897 1184 2937 ³⁰

131 2969 217 3032 Croci
237 2965 334 3059 211,
359 2973 537 3034 sarcocollae
558 2965 651 3060 211,
673 2971 751 3032 aloes
771 2972 928 3050 epatitidos
949 2964 988 3057 >2
1007 2971 1029 3053 1,
1049 2973 1145 3050 glauci

132 3052 206 3146 Ἠ.
244 3062 323 3123 Haec
342 3065 439 3123 omnia
459 3063 616 3141 diligenter
637 3064 705 3122 trita
725 3059 814 3120 simul
833 3059 977 3119 recondes
993 3062 1023 3121 in
1038 3061 1145 3140 pyxide

131 3167 240 3228 cuprea
260 3160 289 3211 et
308 3170 362 3229 pro
382 3151 575 3230 xerocollyrio
595 3152 697 3210 uteris.
735 3147 782 3208 Ad
806 3147 1003 3226 epiphoras
1023 3159 1057 3209 et
1076 3150 1145 3228 lip-

130 3240 317 3315 pitudines
351 3239 537 3300 oculorum
571 3237 729 3298 remedia
761 3237 802 3297 de
831 3239 1081 3316 experimento
1111 3247 1145 3297 et

201 3443 285 3496 toul
303 3442 426 3496 triduum
445 3459 495 3498 om.
541 3448 574 3497 14
592 3442 668 3514 utor]
686 3457 762 3498 neor.
809 3447 843 3496 22
863 3440 984 3512 plurimi.
1026 3439 1143 3494 notiam.

131 3515 165 3564 29
185 3511 409 3579 Xyrocollirium.
