2438 3802
494 145 737 210 -228-

110 318 173 391 vet,
201 317 236 370 ut
263 309 313 369 illo
336 308 436 369 triduo
460 309 639 387 purissimus
663 315 694 368 et
717 307 935 386 digestissimus
959 308 998 366 sit
1021 315 1053 367 et
1078 307 1135 368 fri·

110 399 208 477 gidam
226 416 287 458 non
306 397 387 458 bibat
406 416 504 476 neque
529 397 639 457 salsum
658 396 768 476 aliquid
788 406 839 456 aut
857 396 943 457 dulce
958 396 1134 458 manducet.

58 500 92 548 25
112 487 208 548 Violas
237 496 369 564 agrestes
399 487 460 546 sive
481 485 641 546 silvestres
669 493 807 546 conteres
835 493 866 545 et
895 503 1000 545 sucum
1024 503 1135 547 earum

113 597 180 638 cum
199 578 266 654 pari
283 575 415 654 pondere
434 574 529 633 mellis
549 573 698 653 decoques
717 583 801 635 etex
823 593 857 634 eo
877 572 1021 634 coclearia
1041 582 1135 635 terna

112 669 211 726 ieiuno
236 664 271 723 ad
296 664 374 723 diem
398 665 550 723 iecoritico
569 662 665 744 dabis3
690 663 726 723 ad
745 663 846 723 lateris
865 670 964 723 autem
984 661 1162 746 dolorem,5

113 756 139 813 si
162 771 197 812 ex
220 753 329 811 iecoris
354 769 442 811 causa
465 751 568 833 luerit,
594 750 689 831 thymi
712 752 858 830 scripulos
881 752 956 811 duos
980 758 1010 811 et
1033 770 1133 830 aquae

113 842 297 920 quartarium
321 839 476 900 dimidium
499 842 618 900 ieiunus
641 840 731 901 bibet.

60 941 93 990 26
203 927 383 1006 Compositio
407 929 612 989 medicaminis
636 930 671 990 ad
695 933 792 1011 iecur,
819 929 897 1008 quod
921 929 1135 990 diatessaron

112 1017 236 1077 dicitur:
260 1016 344 1077 Cesti
366 1049 409 1060 —
427 1017 450 1099 l,
473 1018 659 1096 faenograeci
682 1052 726 1061 —
744 1017 765 1098 l,
789 1018 886 1078 inulae
910 1018 1018 1078 radicis
1041 1050 1080 1063 -
1109 1019 1133 1100 l,

112 1105 235 1166 feniculi
253 1106 361 1166 radicis
376 1139 419 1149 —
433 1107 454 1168 l.
486 1106 566 1167 Haec
586 1109 684 1168 omnia
703 1109 862 1186 separatim
881 1106 1038 1184 diligenter
1058 1115 1132 1168 tun·
1149 1125 1175 1164 m

113 1196 165 1256 des
194 1202 224 1254 et
252 1194 398 1256 cribrabis
427 1204 457 1256 et
485 1195 728 1256 delicatissimum
755 1195 910 1274 pulverem
940 1196 1133 1257 mensurabis

113 1292 143 1344 et
171 1291 275 1361 postea
302 1284 512 1365 permiscehis‚
545 1285 597 1345 sed
628 1287 659 1344 in
687 1283 747 1344 sole
776 1286 877 1366 omnia
903 1283 979 1344 bene
1007 1286 1132 1366 siccato,

114 1379 273 1450 antequam
296 1374 475 1454 contundas,
503 1382 533 1433 et
559 1375 591 1433 in
620 1391 678 1434 una
705 1375 825 1451 potione
849 1373 982 1433 cocleare
1006 1372 1134 1453 plenum

112 1463 212 1541 mitte,
241 1479 312 1521 sano
342 1480 377 1521 ex
406 1464 489 1541 vino,
517 1461 698 1522 febricitanti
726 1480 761 1521 ex
790 1480 865 1540 aqua
893 1461 986 1522 calida
1013 1461 1061 1521 rel
1092 1481 1133 1523 ex

112 1549 207 1611 mulsa
232 1568 321 1629 aqua,
344 1558 379 1609 ut
401 1558 536 1610 ventrem
559 1550 661 1630 solvat,
685 1553 770 1629 potui
792 1553 892 1610 ieiuno
915 1568 970 1629 per
993 1550 1132 1612 triduum
1149 1567 1175 1607 15

114 1637 211 1717 dabis,
239 1640 280 1697 ita
303 1645 337 1698 ut
360 1647 480 1716 accepta
504 1641 624 1716 potione
646 1641 678 1699 in
702 1639 807 1699 dextro
831 1639 923 1699 latere
947 1638 1131 1717 aliquamdiu

113 1729 207 1787 iaceat
227 1734 257 1786 et
270 1735 373 1804 postea
388 1727 440 1787 diu
453 1726 623 1788 deambulet
641 1735 671 1787 et
688 1727 905 1806 digestissimus
920 1727 1003 1788 cibos
1018 1737 1133 1810 sumat3

114 1815 171 1875 hoc
195 1815 327 1876 remedio
351 1818 456 1876 scitote
480 1816 554 1876 nihil
575 1833 641 1876 esse
660 1819 870 1898 praestantius,
893 1818 981 1877 etiam
1001 1818 1027 1876 si
1045 1816 1132 1878 femi-

113 1906 169 1985 nis,
194 1904 245 1964 sed
269 1923 329 1965 non
352 1904 584 1983 praegnantibus
608 1905 704 1966 detur.

60 2006 93 2054 27
204 1992 245 2052 De
264 1994 362 2054 medio
382 2012 449 2054 osse
469 1997 576 2075 sepiae,
596 1994 675 2073 quod
690 2002 736 2054 est
750 1993 846 2074 molle,
865 1992 1017 2072 pulverem
1037 1994 1175 2056 faciesne

115 2083 195 2142 etin
214 2085 356 2143 mixtione
376 2084 488 2144 conditi
507 2085 611 2162 optimi
632 2085 784 2144 iecoritico
804 2085 904 2143 ieiuno
923 2083 1133 2162 pertriduum

116 2170 210 2250 dabis,
233 2173 274 2232 ita
292 2179 326 2232 ut
344 2174 375 2231 in
394 2172 498 2232 dextro
517 2171 610 2232 latere
634 2172 813 2251 aliquamdiu
833 2174 936 2252 iaceat,
960 2191 1028 2232 cum
1047 2191 1132 2233 acce-

64 2271 97 2318 28
117 2261 204 2340 perit,
227 2267 257 2318 et
280 2268 383 2338 postea
407 2260 574 2320 diutissime
598 2259 775 2321 deambulet.
818 2260 862 2320 nd
886 2262 1027 2321 iocineris
1050 2261 1133 2321 dolo-

118 2365 182 2405 rem
200 2347 365 2408 remedium
385 2350 442 2408 sic:
465 2347 631 2408 lntiborum
650 2352 714 2409 suci
728 2349 873 2429 heminae,
896 2368 989 2427 aquae
1009 2349 1132 2428 cyathos

118 2443 179 2493 tres
203 2434 343 2494 miscebis
366 2435 455 2495 simul
478 2444 508 2496 et
531 2436 658 2496 calidum
682 2436 775 2518 dabis,
798 2437 893 2497 donec
914 2445 1010 2498 totum
1029 2438 1132 2499 triduo
1148 2453 1175 2494 aa

118 2519 306 2603 perbibatur3
330 2523 410 2601 quod
434 2525 459 2582 si
478 2542 514 2583 ex
531 2526 597 2602 ipso
617 2524 718 2584 dolore
738 2528 787 2586 cui
805 2525 984 2586 medendum
1004 2534 1049 2586 est
1067 2536 1132 2587 tur-

120 2609 206 2689 gidus
235 2617 266 2670 et
295 2611 462 2690 indigestus
494 2612 598 2695 luerit,
630 2631 754 2692 porrum
786 2616 947 2693 capitatum
979 2617 1134 2676 incoctum

67 2712 99 2760 29
119 2698 285 2760 manducet.
332 2699 506 2761 Gentianam
534 2719 570 2761 ex
594 2720 681 2780 passo
705 2702 854 2782 decoques
878 2711 908 2763 et
929 2706 1029 2764 ieiuno
1053 2707 1133 2764 ieco-

66 2800 100 2848 3o
119 2790 205 2848 ritico
229 2808 283 2869 per
302 2789 436 2850 triduum
455 2789 612 2851 bibendam
631 2791 722 2853 dabis.
750 2791 866 2872 Piperis
885 2791 942 2852 albi
961 2810 1051 2870 grana
1071 2790 1133 2874 XL,

118 2877 217 2938 salicis
240 2878 309 2939 lolia
332 2879 367 2939 ad
391 2880 467 2941 hanc
491 2898 670 2963 mensuram,
693 2890 728 2943 ut
747 2881 905 2942 fasciculus
923 2883 1003 2940 inter
1022 2881 1133 2959 digitos
1148 2895 1174 2934 ⁸⁰

119 2967 194 3027 duos
216 2976 246 3029 et
264 2968 401 3047 pollicem
420 2977 566 3051 teneatur,
588 2973 757 3032 cucumeris
777 2988 895 3049 quoque
915 2977 1058 3047 quantum
1078 2973 1132 3030 tri-

118 3055 175 3116 bus
204 3056 304 3136 digitis
332 3058 435 3119 tollere
464 3061 599 3138 potueris
627 3069 748 3120 contere
776 3062 807 3118 in
833 3076 926 3117 unum
950 3053 1056 3136 et'per
1079 3061 1133 3119 tri-

121 3144 214 3206 duum
237 3148 389 3206 iecoritico
412 3149 512 3208 ieiuno
537 3148 573 3207 da
596 3165 632 3208 ex
656 3165 730 3225 aqua
754 3146 847 3206 calida
870 3145 1042 3207 bibendum.

67 3243 100 3292 31
211 3233 292 3294 Cesti
310 3238 502 3315 semunciam,
521 3235 601 3296 aloes
620 3235 769 3315 epatitidis
791 3267 829 3278 -
846 3234 867 3315 l,
888 3234 1048 3296 mastiches
1067 3254 1134 3314 gra·

121 3340 228 3383 norum
247 3355 290 3365 -
309 3321 344 3404 ll,
368 3326 515 3403 eupatorii
534 3357 575 3367 —
594 3323 616 3404 l,
639 3325 751 3402 piperis
774 3356 810 3366 —
832 3322 868 3405 ll,
888 3326 994 3384 amomi
1013 3343 1133 3386 semun-
1147 3334 1175 3376 ⁸5

209 3508 326 3564 addocti
336 3509 520 3584 semunciam]
528 3514 563 3580 ef.
571 3513 647 3569 Ptin.
656 3513 689 3605 cle
699 3528 728 3568 re
737 3512 1137 3585 med.ll‚1t(ed.Ald.p.179⁸).
