2438 3802
486 151 724 216 -181-

98 317 130 374 in
154 323 237 374 aceto
261 314 376 373 excocti
399 315 462 374 triti
486 321 516 374 et
539 313 616 374 inliti
640 321 809 392 mentagrae
829 313 995 374 medentur.
1030 313 1147 376 ldem4

98 410 229 482 praestat
252 401 339 462 ibisci
361 401 445 462 radix
469 420 537 463 cunr
561 401 662 480 lupino
687 409 717 462 et
740 409 824 462 aceto
848 402 883 462 ad
906 404 1009 463 tertias
1028 411 1112 464 cocta

100 503 128 552 et
157 491 298 570 adposita.
345 489 414 550 Flos
441 493 515 552 visci
538 509 605 552 cum
634 490 714 552 calce
741 489 883 551 subactus
906 501 936 551 et
959 491 1146 570 adposituso

98 590 268 658 mentagrae
293 577 375 638 valde
400 589 445 640 est
468 579 558 640 utilis

72 685 85 726 s
187 668 232 728 Ad
254 669 433 747 inpetigines
457 668 653 748 detergendas
676 668 801 728 farinam
822 669 884 727 ervi
903 669 1024 728 mixtam
1043 680 1147 729 cumo

100 767 183 816 aceto
203 757 376 835 frequenter
389 755 532 819 inducito.
565 755 629 817 Olei
644 758 764 837 myrtini
779 757 882 817 uncias
896 754 943 836 Vl,
957 755 1015 817 olei
1034 757 1110 817 sciri·
1131 770 1146 818 't

101 846 165 905 nini
188 853 238 905 aut
260 843 430 905 mastiohini
452 847 555 906 uncias
580 853 733 926 quattuor,
756 844 910 924 lithargyri
934 847 1037 906 uncias
1062 845 1111 927 lll,

100 933 245 1012 psimithii
268 935 371 994 uncias
390 933 417 993 ll
440 952 508 995 cum
532 935 600 994 vino
623 943 724 994 vetere
748 932 836 994 simul
858 941 939 994 teres
962 943 993 996 et
1013 934 1110 995 oleum

100 1024 200 1082 statim
223 1031 325 1101 postea
348 1024 448 1084 mittes
467 1030 497 1083 et
516 1022 673 1101 diligenter
690 1022 885 1102 permiscebis
905 1030 935 1083 et
953 1025 996 1084 sic
1018 1025 1112 1085 uteris

60 1127 86 1168 ιο
101 1110 137 1170 ad
161 1113 340 1190 inpetigines
363 1110 530 1172 abolendas.
572 1111 615 1171 Ad
643 1112 822 1190 inpetigines
850 1111 1045 1190 detergendas
1073 1113 1147 1172 la·8

101 1199 183 1278 patiri
205 1199 321 1260 radices
345 1218 413 1260 cum
436 1208 520 1261 aceto
544 1217 656 1279 coques
683 1199 719 1259 ad
746 1202 850 1260 tertias
879 1208 909 1258 et
933 1203 964 1259 in
989 1218 1023 1259 eo
1046 1202 1112 1260 iure

101 1291 209 1348 iterum
238 1307 354 1368 oryzam
383 1289 540 1368 discoques
568 1297 598 1349 et
626 1289 669 1348 sic
696 1287 732 1347 ad
756 1287 980 1367 perducendum
1003 1306 1113 1367 corpus

101 1378 204 1437 uteris.
251 1375 425 1438 Cucumeris
455 1378 579 1438 silvatici
607 1377 723 1437 radices
752 1376 786 1436 ad
819 1378 924 1436 tertias
954 1376 1147 1456 discoquesa

102 1483 210 1545 easque
238 1465 376 1526 decoctas
404 1476 483 1526 teres
511 1465 668 1545 diligenter
695 1473 725 1526 et
748 1465 838 1526 addes
861 1464 1055 1544 lithargyrum
1079 1484 1112 1526 ac
1147 1528 1149 1533 ,

60 1567 86 1611 1⁶
102 1553 227 1633 sulphur
250 1553 365 1634 aequali
388 1573 528 1615 mensura
551 1563 581 1615 et
604 1573 690 1616 cerae
714 1572 819 1634 parum
843 1561 931 1632 atque
952 1553 1021 1614 inde
1040 1554 1113 1636 loca,

101 1661 176 1722 quae
200 1645 331 1722 inpetigo
355 1645 477 1724 ceperit,
500 1643 685 1723 perfricahis.

168 1731 231 1791 ‘Ad
252 1731 401 1792 scabidam
419 1733 613 1812 inpetiginem
630 1730 742 1792 scillam
757 1729 853 1792 albam
868 1733 977 1792 sumito
992 1739 1023 1792 et
1036 1730 1112 1794 hene
1133 1737 1165 1787 10

100 1820 275 1881 contundite
300 1839 392 1899 eaque
415 1823 608 1900 inpetiginem
632 1820 749 1880 inlinito
779 1829 809 1880 et
834 1819 1010 1880 adsiccatam
1029 1828 1112 1882 aceto

102 1910 164 1968 acri
190 1911 281 1970 mixto
310 1909 369 1970 sale
398 1908 503 1991 eluite,
531 1909 637 1970 deinde
667 1926 770 1988 spuma
794 1909 908 1986 argenti
935 1915 1059 1970 contusa
1083 1917 1114 1970 et

61 2008 88 2048 2⁰
102 2014 168 2056 rosa
195 1996 305 2076 liquida
334 2000 514 2077 perunguito
543 2006 573 2058 et
600 2015 668 2058 cum
697 1996 878 2056 adsiccatum
906 1997 996 2057 luerit
1022 1998 1113 2058 medi·
1182 2003 1187 2010 '

101 2094 282 2166 cementum,
306 2105 440 2168 rursum,
463 2095 497 2148 ut
520 2104 610 2165 supra
634 2085 771 2166 diximus,
794 2091 877 2144 aceto
901 2085 978 2146 salso
1002 2085 1112 2146 abluito

100 2183 188 2254 atque
212 2177 321 2236 iterum
345 2176 448 2236 eadem
471 2177 586 2236 ratione
614 2173 726 2234 scillam
754 2175 855 2234 tritam
882 2173 999 2235 inlinito
1023 2174 1112 2254 idque

100 2263 266 2325 remedium
285 2265 459 2344 frequenter
477 2266 593 2343 iterato,
614 2263 709 2324 donee
728 2262 763 2324 ad
784 2264 940 2324 sanitatem
957 2262 1113 2343 perducas.

99 2351 178 2414 Picis
201 2352 331 2432 liquidae
353 2356 481 2433 optimae
501 2351 654 2414 acetabulo
673 2354 725 2413 uni
744 2351 827 2413 adice
846 2351 971 2414 farinam
989 2351 1112 2414 hordea·
1133 2355 1165 2406 11

58 2451 85 2493 2⁶
99 2459 181 2502 ceam
210 2449 240 2502 et
268 2443 379 2503 nitrum
406 2450 436 2503 et
459 2444 558 2522 apium
581 2444 687 2503 tritum
711 2449 741 2502 et
764 2440 891 2521 sulphur
914 2443 1017 2521 aequis
1039 2461 1112 2522 pon·

99 2529 221 2590 deribus
249 2549 283 2591 ac
311 2531 496 2610 superlunde
525 2533 601 2592 aceti
629 2529 688 2591 alhi
713 2532 852 2591 acerrimi
877 2530 1029 2592 acetabula
1053 2531 1112 2593 duo

98 2621 181 2679 etin
205 2621 304 2698 patina
328 2619 461 2698 decoque
485 2619 573 2680 simul
596 2638 630 2680 ac
653 2626 755 2698 postea
778 2618 906 2680 calidum
928 2620 1112 2681 medicamen

97 2705 189 2768 linteo
212 2707 346 2768 inducito
371 2716 401 2768 et
424 2710 467 2768 sic
491 2709 611 2786 corpori
634 2707 787 2787 adponito;
811 2726 870 2768 non
891 2708 986 2770 solum
1006 2710 1112 2788 inpeti-

98 2797 197 2873 ginem
221 2796 277 2857 hoc
301 2796 442 2877 remedio,
467 2795 518 2856 sed
545 2802 575 2856 et
597 2795 710 2872 lepram
734 2794 852 2856 sedabis
876 2803 906 2854 et
929 2796 1067 2858 scabiem.

57 2891 84 2932 ³⁰
187 2884 383 2964 Inpetiginem
404 2885 538 2962 quamvis
557 2885 749 2942 inveteratam
769 2884 828 2941 cito
848 2881 987 2964 abolebiS,
1008 2887 1035 2944 si
1053 2886 1111 2944 fae·
1133 2889 1165 2938 12

98 2971 165 3032 cula
184 2975 253 3055 vini,
273 2991 330 3053 qua
349 2973 494 3033 tinctores
513 2977 649 3049 utuntur,
669 2986 737 3028 oum
756 2987 831 3047 aqua
850 2971 996 3048 permixta
1014 2970 1112 3032 locum

97 3065 288 3145 perunxeris,
316 3064 356 3122 ita
380 3069 427 3141 ut,
451 3059 521 3120 dum
545 3057 758 3137 quinquaginta
781 3074 935 3137 numeras,
963 3057 1022 3119 illic
1046 3077 1112 3120 esse

97 3152 254 3228 permittas
284 3159 314 3211 et
341 3152 483 3211 continuo
512 3147 692 3226 destringas3
722 3162 790 3205 nam
819 3146 856 3219 Si.
872 3143 985 3206 diutius
1013 3147 1111 3231 luerit,

98 3237 187 3299 altius
215 3241 259 3301 vis
288 3241 353 3301 eius
380 3239 489 3300 insidet
516 3245 547 3298 et
572 3235 658 3297 ulcus
681 3233 792 3313 grande
815 3233 912 3294 faciet.
958 3233 1112 3298 Glutinum
1131 3243 1165 3296 to

57 3341 84 3384 aa
98 3329 251 3388 taurinum
279 3338 362 3390 aceto
390 3329 549 3388 remissum
576 3324 691 3386 adiecto
721 3321 835 3384 sullure
863 3324 928 3384 vivo
956 3322 1016 3386 leni
1043 3327 1112 3406 igne

98 3414 265 3496 decoctum,
288 3419 329 3477 ita
352 3425 385 3478 ut
409 3416 444 3476 ad
467 3414 564 3476 mellis
586 3412 815 3474 erassitudinem
833 3412 1024 3496 perducatur,
1047 3434 1112 3478 sur·

98 3503 227 3583 coloque
251 3504 373 3587 ficulno,
397 3505 467 3566 darm
491 3504 644 3588 coquitur,
665 3503 815 3586 agitatum
834 3520 873 3564 ao
886 3501 946 3563 *ms
963 3520 1026 3582 qen
1049 3503 1142 3560 uxum
