2438 3802
521 155 759 220 -160-

133 321 307 398 priusquam
327 318 487 379 dormitum
507 325 563 397 eat,
581 319 722 378 tussienti
739 319 795 378 tria
810 319 954 396 catapotia
969 317 1148 400 devoranda,

134 407 164 468 id
189 415 235 468 est
255 406 512 488 transgluttienda,
536 407 612 485 dato,
637 424 727 484 super
746 423 821 485 quae
840 413 903 466 tres
922 424 1014 484 aquae
1034 405 1148 467 calidae

135 497 257 577 cyathos
279 497 424 575 potandos
448 495 570 576 adicit03
597 495 654 555 hoc
681 496 813 555 remedio
837 503 983 554 nocturna
1005 497 1085 554 tussi
1107 494 1149 556 la·

81 599 115 649 28
135 586 290 647 borantem
308 588 368 647 cito
382 583 531 645 liberabis.
557 583 722 645 Ventriculi
736 583 889 662 gallinacei
903 582 1149 659 membranulam,

134 693 192 753 qua
221 674 326 735 sordes
354 672 513 752 aqualiculi
541 674 744 752 continentur,
772 672 932 732 arefactam
958 673 1049 731 terito
1082 672 1176 733 dili-s

134 772 239 840 genter
262 769 293 822 et
316 780 384 822 cum
407 763 475 821 vino
498 762 583 840 potui
610 761 692 842 dato,
720 759 850 820 umidam
877 768 991 820 tussem
1020 760 1149 822 sedabis.

81 869 114 917 29
223 850 349 910 Tussem
377 851 510 928 quamvis
538 867 657 929 gravem
685 851 831 909 maiorum
858 857 930 908 natu
958 851 1037 910 intra
1061 851 1148 927 quin·

136 956 193 1016 que
217 939 290 1017 dies,
313 938 504 1017 parvulorum
528 939 617 999 etiam
639 940 718 998 intra
740 937 873 998 triduum
896 945 988 1019 sanat,
1012 940 1064 1016 qui
1088 937 1148 998 sul-

134 1029 219 1106 puris
241 1028 319 1107 triti,
346 1035 489 1106 quantum
517 1027 615 1087 tribus
642 1026 743 1105 digitis
766 1044 873 1105 capere
895 1034 1008 1106 potest,
1035 1028 1067 1086 in
1091 1045 1148 1086 ovo

135 1117 296 1176 semicocta
316 1115 420 1176 sorbili
438 1134 492 1195 per
511 1115 644 1176 triduum
662 1117 763 1175 ieiuno
783 1123 835 1175 aut
854 1133 909 1194 per
930 1117 1061 1193 quinque
1082 1114 1148 1175 dies
1164 1134 1191 1173 ιο

82 1221 116 1270 30
136 1204 259 1265 dederit.
295 1204 471 1285 Hyoscpami
490 1237 531 1247 -
546 1203 568 1284 1,
587 1203 718 1283 sulpuris
738 1206 930 1285 semunciam,
953 1202 1029 1264 fellis
1048 1210 1149 1264 terrae

137 1327 175 1338 —
193 1293 214 1373 1,
233 1295 346 1372 piperis
368 1327 405 1339 —
422 1293 444 1375 l,
468 1295 622 1373 gentianae
641 1325 684 1336 —
698 1293 720 1373 1,
744 1294 805 1370 opii
825 1284 901 1378 3⁴1,
919 1292 1053 1352 marrubi
1069 1324 1107 1345 -.
1125 1292 1148 1374 l,

134 1381 230 1442 mellis
254 1383 422 1462 despumati
445 1389 588 1462 quantum
613 1381 741 1442 sufficiat
765 1399 854 1459 supra
877 1382 965 1441 dictis
989 1379 1149 1460 speciebus

134 1473 213 1532 tritis
242 1471 440 1550 cribratisque
470 1469 610 1530 miscebis
637 1489 671 1530 ac
698 1469 803 1530 leviter
832 1470 996 1550 decoques3
1023 1469 1092 1529 inde
1122 1472 1149 1529 si

134 1561 202 1638 quis
230 1562 307 1619 tussi
334 1561 463 1638 graviter
491 1557 724 1639 conflictabitur,
756 1557 906 1638 pastillum
934 1557 969 1617 ad
1000 1559 1148 1636 magnitu-
1164 1577 1190 1617 15

135 1648 235 1707 dinem
253 1647 337 1707 fabae
355 1649 474 1707 ieiunus
492 1665 579 1706 mane
597 1647 715 1706 hauriat
737 1656 767 1708 et
789 1648 821 1706 in
839 1653 958 1706 noctem
977 1665 1046 1706 cum
1064 1646 1150 1707 calda

135 1755 211 1815 aqua
239 1735 328 1796 alium
355 1735 506 1814 pastillum
535 1734 629 1816 bibat3
658 1735 770 1795 bonum
795 1734 879 1794 valde
902 1742 933 1794 et
956 1735 1029 1795 utile
1053 1753 1149 1795 reme·

135 1824 216 1884 dium
240 1827 419 1904 experietur.

82 1926 115 1975 31
225 1913 330 1974 Scillae
354 1912 478 1974 bulbum
501 1930 596 1973 unum
618 1919 777 1992 purgatum
801 1910 899 1971 tribus
922 1910 1090 1971 fervoribus
1115 1913 1149 1971 in

135 2019 211 2080 aqua
234 2002 384 2082 decoques
412 2010 442 2062 et
469 2020 504 2062 ex
533 2019 568 2062 eo
597 2001 676 2080 quod
704 2002 795 2062 fuerit
818 2000 1014 2060 tenerrimum
1037 2017 1190 2080 sumes,2o

135 2090 164 2149 id
189 2099 235 2151 est
260 2123 298 2134 —
328 2091 395 2173 1111,
422 2092 543 2169 panacis
571 2098 601 2151 et
628 2092 682 2150 iris
707 2089 840 2168 Illyricae
869 2085 949 2166 drag.
978 2096 1147 2169 quaternas

135 2181 311 2240 ammoniaci
331 2211 369 2223 -
386 2179 421 2239 ll.
454 2178 534 2240 Haec
557 2181 655 2239 omnia
674 2178 831 2256 diligenter
850 2185 939 2257 teres,
963 2177 1014 2236 sed
1034 2176 1147 2238 scillam

135 2285 271 2327 seorsum
295 2266 481 2347 confricabis,
500 2276 564 2327 tum
583 2269 680 2328 omnia
700 2265 864 2326 confundes
883 2273 913 2325 et
927 2264 1023 2325 mellis
1042 2268 1149 2344 optimi

135 2355 302 2431 despumati
325 2355 361 2414 ad
385 2353 582 2432 colligendum
606 2357 753 2414 inunum
776 2353 959 2414 medicamen
985 2353 1063 2433 quod
1086 2355 1147 2414 suf-

135 2441 215 2501 ficiat
238 2444 339 2502 mittes
361 2451 449 2520 atque
473 2441 541 2501 inde
565 2441 710 2501 laboranti
733 2459 787 2521 per
810 2441 943 2502 cocleare
968 2441 1013 2502 bis
1032 2442 1185 2503 volterra

135 2528 240 2589 diebus
265 2530 389 2608 singulis
412 2528 508 2608 dabis3
531 2532 610 2590 intra
633 2530 697 2590 dies
721 2537 835 2608 septem
859 2533 948 2591 etiam
972 2534 1148 2609 sanguinem

135 2625 324 2678 excreantem
347 2625 377 2678 et
400 2625 532 2679 vetustae
550 2619 644 2678 tussis
666 2618 800 2678 molestia
824 2618 977 2699 liberabis,
1001 2619 1072 2680 dum
1096 2628 1148 2680 aut

135 2707 275 2767 deorsum
298 2713 443 2784 purgatur
466 2714 518 2767 aut
540 2725 595 2786 per
617 2709 761 2768 vomitum
789 2709 912 2786 pituitae
936 2710 1063 2768 interius
1086 2708 1146 2769 col·

81 2809 116 2858 32
135 2795 228 2855 lectae
256 2813 342 2856 umor
370 2795 540 2857 effunditur.
581 2795 663 2857 Folia
685 2795 770 2876 ulmi,
795 2815 870 2874 quae
894 2799 1039 2857 orientem
1063 2815 1147 2876 spec-

134 2892 206 2964 tant,
230 2902 299 2945 cnm
321 2885 433 2964 piperis
456 2887 556 2964 granis
579 2885 712 2966 totidem,
735 2885 787 2946 sed
806 2887 912 2964 impari
931 2904 1056 2946 numero
1076 2887 1146 2946 trita
1161 2901 1187 2942 eo

36 3049 38 3053 ,
134 2981 165 3033 et
184 2991 252 3033 cum
271 2972 395 3034 Falerno
415 2977 482 3035 vino
501 2993 517 3035 a
535 2977 635 3036 ieiuno
656 2982 771 3054 sumpta
787 2977 875 3035 etiam
889 2974 1064 3053 purulentas
1084 2983 1147 3034 tus-

80 3075 114 3125 33
135 3080 182 3122 ses
197 3071 336 3142 potenter
350 3063 516 3125 emendant.
547 3063 622 3124 Salis
641 3071 783 3142 quantum
802 3065 879 3122 intra
901 3061 1028 3141 palmam
1042 3071 1147 3123 tenere

134 3159 233 3230 potest
251 3153 304 3230 qui
322 3155 430 3212 tussiet
447 3155 477 3213 in
496 3155 647 3231 potionem
666 3169 804 3211 cervesae
824 3159 875 3211 aut
890 3154 985 3211 curmi
1000 3153 1099 3212 mittat
1117 3160 1148 3212 et

134 3239 262 3300 calidum
281 3239 370 3321 bibat,
390 3259 458 3301 cum
477 3241 638 3300 dormitum
656 3239 744 3320 vadit,
762 3257 860 3318 neque
875 3249 978 3318 postea
997 3240 1146 3319 loquatur,

204 3444 382 3499 41iberauis.
442 3450 474 3498 at
494 3443 578 3515 equa]
599 3460 690 3512 quam.
749 3450 783 3499 27
802 3444 945 3500 liberauis.
1000 3451 1035 3499 38
1057 3445 1146 3500 cerui-

131 3531 181 3569 sae
202 3514 361 3570 Oormrius.
429 3520 463 3569 34
482 3515 620 3584 loquetur.
